timestamp,price,size,isBuyerMaker
1629452190149,0.80424,494.0,True
1629452190975,0.80425,51.03,True
1629452191982,0.80425,24.73,True
1629452192742,0.80424,32.81,True
1629452192977,0.80424,36.42,True
1629452194295,0.80644,23.0,False
1629452195980,0.80482,30.05,True
1629452195980,0.80483,42.89,True
1629452196645,0.80482,699.95,True
1629452198004,0.80475,14.32,True
1629452206081,0.80644,8.43,False
1629452208373,0.80519,7.99,True
1629452232957,0.80687,32.25,False
1629452240982,0.80582,7.99,True
1629452246983,0.80555,27.11,True
1629452246983,0.80555,24.31,True
1629452246983,0.80555,16.65,True
1629452253120,0.80554,400.0,True
1629452261307,0.80667,32.26,False
1629452271046,0.80463,137.91,True
1629452288446,0.80528,71.83,True
1629452288452,0.80528,216.54,True
1629452288501,0.80528,72.12,True
1629452289055,0.80528,10.0,True
1629452290940,0.80731,11.25,False
1629452290940,0.80773,227.0,False
1629452298120,0.80662,494.0,True
1629452298771,0.80569,2500.0,True
1629452298771,0.80635,400.0,True
1629452298771,0.80662,236.0,True
1629452298797,0.8069,133.54,False
1629452298824,0.8069,1386.42,False
1629452298836,0.8069,1000.0,False
1629452298844,0.8069,650.67,False
1629452298857,0.8069,500.0,False
1629452298857,0.8069,1000.0,False
1629452298867,0.8069,500.0,False
1629452298915,0.80689,11.25,False
1629452298927,0.80547,400.0,True
1629452299035,0.80551,730.0,True
1629452299388,0.8069,1624.6,False
1629452300991,0.80521,119.26,True
1629452312568,0.8069,46.71,False
1629452336922,0.8069,3500.0,False
1629452336937,0.8069,1957.14,False
1629452336937,0.80689,42.86,False
1629452336937,0.8069,500.0,False
1629452336958,0.80689,27.11,False
1629452336958,0.80689,32.3,False
1629452336965,0.8069,500.0,False
1629452336979,0.8069,500.0,False
1629452337001,0.8069,1000.0,False
1629452337005,0.8069,500.0,False
1629452337013,0.8069,500.0,False
1629452337296,0.80566,400.0,True
1629452337362,0.80567,730.0,True
1629452378198,0.80537,77.35,True
1629452378205,0.80537,652.65,True
1629452378477,0.8069,512.79,False
1629452383621,0.8069,303.02,False
1629452386887,0.80519,9.92,True
1629452395593,0.80547,400.0,True
1629452395925,0.80541,76.32,True
1629452400117,0.8069,19.97,False
1629452437842,0.80475,56.91,True
1629452437842,0.80474,1130.0,True
1629452437842,0.80439,845.71,True
1629452461738,0.80475,29.89,True
1629452461738,0.80475,27.02,True
1629452463537,0.80449,24.91,True
1629452480641,0.8045,14.92,True
1629452486052,0.80449,6.25,True
1629452493932,0.80685,730.0,False
1629452493932,0.8069,2293.04,False
1629452493932,0.80902,1357.6,False
1629452493932,0.80907,65.81,False
1629452501563,0.80901,450.0,False
1629452501563,0.809,1293.14,False
1629452501563,0.8069,1893.04,False
1629452501563,0.80685,730.0,False
1629452517992,0.8052,730.0,True
1629452520081,0.80483,400.0,True
1629452522388,0.80483,87.54,True
1629452527216,0.80617,76.32,False
1629452527216,0.80617,32.14,False
1629452527221,0.80495,512.22,True
1629452531018,0.80495,500.0,True
1629452531028,0.80495,458.82,True
1629452533778,0.8047,9.74,True
1629452566575,0.80642,9.74,False
1629452603094,0.80494,9.57,True
1629452614092,0.80642,219.43,False
1629452624329,0.80787,9.57,False
1629452640051,0.80627,40.17,True
1629452835444,0.80597,16.85,True
1629452843252,0.80597,22.82,True
1629452885829,0.80608,19.38,True
1629452897317,0.80608,710.62,True
1629452911112,0.80597,200.0,True
1629452911112,0.80444,730.0,True
1629452911261,0.80443,500.0,True
1629452915084,0.80689,25.08,False
1629452915084,0.80689,29.9,False
1629452915084,0.80689,27.02,False
1629452915084,0.80681,400.0,False
1629452918579,0.80491,400.0,True
1629452918579,0.80492,29.9,True
1629452918579,0.80492,25.02,True
1629452918579,0.80492,27.02,True
1629452918588,0.80475,280.2,True
1629452925371,0.8044,48.68,True
1629452925371,0.8044,47.75,True
1629452925371,0.8044,54.02,True
1629452925388,0.80562,61.94,False
1629452936665,0.80439,8.05,True
1629452945417,0.8072,39.78,False
1629452945417,0.8072,29.9,False
1629452945417,0.8072,27.02,False
1629452945424,0.80612,203.93,True
1629452945427,0.80612,315.95,True
1629452963777,0.80743,8.05,False
1629453045854,0.80743,391.95,False
1629453045854,0.80752,606.1,False
1629453062204,0.80567,100.0,True
1629453092053,0.80752,117.14,False
1629453092053,0.80729,48.68,False
1629453092053,0.80729,54.02,False
1629453092053,0.80719,400.0,False
1629453114414,0.80511,31.03,True
1629453114414,0.80511,41.14,True
1629453117880,0.80763,188.64,False
1629453117880,0.80752,31.03,False
1629453117880,0.80742,400.0,False
1629453120343,0.80488,28.31,True
1629453120343,0.80488,53.77,True
1629453120343,0.80488,48.66,True
1629453120343,0.8049,400.0,True
1629453120363,0.80609,169.3,False
1629453204793,0.80752,24.78,False
1629453220826,0.80451,55.81,True
1629453220826,0.8045,400.0,True
1629453220826,0.80439,943.99,True
1629453285566,0.80708,41.14,False
1629453285573,0.80586,238.85,True
1629453313299,0.80686,400.0,False
1629453380887,0.80686,93.53,True
1629453475432,0.80686,100.48,True
1629453477612,0.80686,730.0,True
1629453477612,0.80686,400.0,True
1629453477719,0.80686,730.0,True
1629453477719,0.80686,400.0,True
1629453477719,0.80686,356.37,True
1629453489074,0.80657,22.51,False
1629453489074,0.80657,28.31,False
1629453489123,0.80657,41.14,False
1629453489123,0.80657,8.52,False
1629453490031,0.80765,87.8,False
1629453490031,0.80761,1000.0,False
1629453490031,0.80696,499.0,False
1629453490031,0.80685,400.0,False
1629453490031,0.80658,730.0,False
1629453501129,0.80546,343.97,True
1629453519641,0.80765,396.78,False
1629453521690,0.8057,400.0,True
1629453523236,0.8056,500.0,True
1629453523244,0.8056,485.74,True
1629453546022,0.80487,12.17,True
1629453546750,0.80487,500.0,True
1629453546761,0.80487,217.83,True
1629453570962,0.80441,348.45,True
1629453570962,0.80442,31.09,True
1629453570962,0.80442,28.35,True
1629453570962,0.80442,41.21,True
1629453571158,0.80439,50.0,True
1629453571158,0.80442,50.0,True
1629453599352,0.80439,1809.22,True
1629453609450,0.80439,2203.1,True
1629453612554,0.80439,1645.05,True
1629453613222,0.80439,1645.1,True
1629453637582,0.80439,77.15,True
1629453650010,0.80647,273.27,False
1629453706755,0.8044,48.91,True
1629453735430,0.8044,279.43,True
1629453894093,0.80672,53.78,False
1629453894093,0.80672,48.67,False
1629453894093,0.80672,31.09,False
1629453894093,0.80672,41.22,False
1629453894093,0.80672,28.35,False
1629453894093,0.80668,400.0,False
timestamp,price,size,isBuyerMaker
1629453928547,0.80554,960.6,True
1629453928547,0.80549,653.16,True
1629453937334,0.80439,83.83,True
1629453937334,0.8048,730.0,True
1629453937334,0.8045,400.0,True
1629453937334,0.8044,102.23,True
1629453937334,0.80439,879.92,True
1629453938400,0.80672,730.0,False
1629453938409,0.80554,1699.73,True
1629453952586,0.8048,443.56,True
1629453952586,0.80481,960.6,True
1629453952586,0.80485,730.0,True
1629453952586,0.80486,29.55,True
1629453952586,0.80486,42.39,True
1629453952586,0.80486,32.1,True
1629453957603,0.80439,50.0,True
timestamp,price,size,isBuyerMaker
1629454023943,0.8044,500.0,True
1629454023943,0.80439,4500.0,True
1629454025011,0.80439,2845.4,True
1629454025483,0.80439,6995.4,True
1629454025483,0.8044,400.0,True
1629454025497,0.80439,993.08,True
1629454035144,0.80505,392.0,False
1629454048259,0.8023,400.0,True
1629454048259,0.80205,1250.45,True
1629454048259,0.80204,400.0,True
1629454048259,0.80202,440.0,True
1629454048259,0.802,990.0,True
1629454048259,0.80199,639.55,True
1629454053045,0.80503,29.55,False
1629454053045,0.80503,42.39,False
1629454053045,0.80503,32.11,False
1629454054339,0.80295,730.0,True
1629454054339,0.80208,250.0,True
1629454054339,0.80198,845.06,True
1629454054339,0.80197,178.68,True
1629454054339,0.80157,510.0,True
1629454054339,0.80155,206.26,True
1629454056314,0.80608,54.99,False
1629454056314,0.80504,194.21,False
1629454058313,0.805,249.2,False
1629454059315,0.805,249.2,False
1629454060319,0.80609,17.6,False
1629454060319,0.805,231.6,False
1629454062313,0.80496,249.2,False
1629454063321,0.80496,249.2,False
1629454064319,0.80609,17.6,False
1629454064319,0.80496,231.6,False
1629454065320,0.80492,249.2,False
1629454066318,0.80492,249.2,False
1629454066419,0.8032,400.0,True
1629454066419,0.8031,1840.0,True
1629454068388,0.80289,50.0,True
1629454068495,0.803,400.0,True
1629454068686,0.80456,20.0,False
1629454072682,0.80405,54.21,False
1629454078586,0.80083,104.39,True
1629454078586,0.80082,730.0,True
1629454078586,0.80074,1088.0,True
1629454078586,0.80051,357.61,True
1629454078841,0.80334,13.43,False
1629454084325,0.80309,7.93,False
1629454089707,0.80051,1448.41,True
1629454089707,0.80082,730.0,True
1629454089707,0.80083,29.65,True
1629454089707,0.80083,42.53,True
1629454089707,0.80083,32.21,True
1629454092294,0.80289,24.1,False
timestamp,price,size,isBuyerMaker
1629454118078,0.80063,24.14,True
1629454118078,0.80062,204.86,True
1629454124926,0.80289,4.06,False
1629454124926,0.80289,5.56,False
1629454202225,0.80063,29.7,True
1629454202225,0.80062,730.0,True
1629454202225,0.80061,674.42,True
1629454202737,0.80061,903.4,True
1629454202737,0.80062,730.0,True
1629454202737,0.80063,29.7,True
1629454205225,0.80061,6.49,True
timestamp,price,size,isBuyerMaker
1629454879117,0.80062,94.0,False
1629454879117,0.80051,400.0,False
1629454980584,0.80033,18.14,False
1629454980584,0.80033,54.8,False
1629455039525,0.80026,7.98,False
1629455084126,0.80022,400.0,False
1629455084233,0.80033,2024.69,False
1629455099323,0.801,400.0,False
1629455099414,0.801,400.0,False
1629455099414,0.801,60.7,False
1629455099711,0.801,400.0,False
1629455099711,0.801,60.7,False
1629455099805,0.801,400.0,False
1629455099805,0.801,60.7,False
1629455099940,0.801,60.7,False
1629455100036,0.801,400.0,False
1629455102184,0.801,400.0,False
1629455102185,0.801,60.7,False
1629455102449,0.801,400.0,False
1629455102450,0.801,60.7,False
1629455102716,0.801,400.0,False
1629455103198,0.801,400.0,False
1629455103198,0.801,60.7,False
1629455103209,0.801,32.88,False
1629455103307,0.801,27.82,False
1629455103308,0.801,331.01,False
1629455130591,0.79924,156.33,True
1629455132804,0.79932,360.0,True
1629455132804,0.79924,1784.03,True
1629455132804,0.7992,690.0,True
1629455132804,0.79919,550.0,True
1629455132804,0.79918,2500.0,True
1629455132804,0.79904,908.21,True
1629455134312,0.79903,1126.95,True
1629455134312,0.79904,990.0,True
1629455134312,0.79918,2500.0,True
1629455134312,0.79919,550.0,True
1629455134312,0.7992,690.0,True
1629455134312,0.79924,1084.03,True
1629455134312,0.79924,700.0,True
1629455134312,0.79932,360.0,True
1629455134312,0.79933,53.65,True
1629455134312,0.79945,764.77,True
1629455134312,0.80053,400.0,True
1629455134312,0.8011,960.6,True
1629455134529,0.79924,400.0,True
1629455134529,0.79925,27.85,True
1629455134549,0.79935,367.08,True
1629455134571,0.79935,32.92,True
1629455134578,0.79925,27.85,True
1629455134578,0.79925,5.07,True
1629455147034,0.79913,58.57,True
1629455223524,0.79916,230.0,True
1629455259336,0.79946,730.0,False
1629455260550,0.8006,100.0,False
1629455286247,0.80059,35.42,False
1629455286247,0.80059,76.18,False
1629455286247,0.80059,32.92,False
1629455286247,0.80056,730.0,False
1629455286511,0.8006,3689.74,False
1629455302995,0.8006,298.85,False
1629455311142,0.79939,5253.52,True
1629455311164,0.79939,7726.96,True
1629455311211,0.79939,2920.0,True
1629455372395,0.8006,24.87,False
1629455372653,0.8006,8.85,False
1629455396732,0.8006,124.9,False
1629455407567,0.79854,730.0,True
1629455407567,0.79851,520.67,True
1629455435663,0.79855,15.9,True
1629455435666,0.8006,6.35,False
1629455462517,0.79843,146.0,True
1629455462581,0.79843,584.0,True
1629455595086,0.79843,2707.16,True
1629455595086,0.7984,22292.84,True
1629455596315,0.7984,22419.74,True
1629455596315,0.79843,2707.16,True
1629455596315,0.79846,730.0,True
1629455596363,0.7984,809.85,True
1629455596366,0.7984,795.62,True
1629455596439,0.79784,16.29,True
1629455596439,0.79784,16.29,True
1629455596439,0.79784,18.75,True
1629455596447,0.79784,14.78,True
1629455596458,0.79783,16.29,True
1629455618899,0.79908,29.0,False
1629455619685,0.79908,29.67,False
1629455647950,0.79909,496.28,False
1629455682876,0.79945,730.0,False
1629455692907,0.79808,124.9,True
1629455708371,0.79782,7.0,True
1629455712250,0.79782,150.77,True
1629455740474,0.79782,7.0,True
timestamp,price,size,isBuyerMaker
1629528060365,0.78416,92.28,False
1629528078472,0.78415,660.0,False
1629528078472,0.78501,272.28,False
1629528096818,0.78415,660.0,False
1629528120693,0.78467,25.5,False
1629528121763,0.78486,660.0,False
1629528121763,0.78489,355.13,False
1629528133926,0.78486,8.82,False
1629528146608,0.78513,607.56,False
1629528146608,0.78512,800.0,False
1629528146608,0.78444,660.0,False
1629528146608,0.78443,13.7,False
1629528146608,0.78443,32.7,False
1629528146608,0.78443,42.04,False
1629528188084,0.78444,660.0,False
1629528300067,0.78452,622.36,False
1629528321850,0.78417,660.0,True
1629528321850,0.78417,370.0,True
1629528326276,0.78417,660.0,True
1629528326277,0.78417,370.0,True
1629528326827,0.78417,660.0,True
1629528326827,0.78417,660.0,True
1629528327090,0.78417,660.0,True
1629528327090,0.78417,363.32,True
1629528327505,0.78375,140.79,False
1629528327505,0.78374,52.26,False
1629528327505,0.78374,11.85,False
1629528327505,0.78374,50.47,False
1629528327843,0.78375,255.37,False
1629528327868,0.78375,253.2,False
1629528328341,0.78436,86.54,False
1629528368011,0.7842,660.0,False
1629528368011,0.78471,370.0,False
1629528368011,0.78513,1799.3,False
1629528368011,0.78626,248.74,False
1629528368011,0.78627,240.0,False
1629528368011,0.78669,260.0,False
1629528368011,0.78671,175.91,False
1629528368011,0.78687,250.0,False
1629528368011,0.78716,2442.67,False
1629528368011,0.78717,1088.0,False
1629528368011,0.78758,460.0,False
1629528368011,0.78774,750.69,False
1629528368011,0.78775,439.77,False
1629528368011,0.7879,1000.0,False
1629528368011,0.78847,340.0,False
1629528368011,0.78944,330.0,False
1629528368011,0.78948,165.19,False
1629528369937,0.78299,42.1,True
1629528369937,0.78299,32.78,True
1629528369937,0.78299,29.93,True
1629528370066,0.78298,660.0,True
1629528372098,0.78174,50.0,True
1629528372098,0.78269,370.0,True
1629528372098,0.78261,660.0,True
1629528372098,0.78107,1279.32,True
1629528372098,0.78065,289.81,True
1629528372098,0.78064,950.87,True
1629528386437,0.78324,299.14,True
1629528386540,0.78324,89.69,True
1629528386876,0.78324,26.83,True
1629528388065,0.78324,436.81,True
1629528388065,0.78284,154.94,True
1629528388065,0.78283,370.0,True
1629528388065,0.78282,660.0,True
1629528388065,0.78107,1279.32,True
1629528388065,0.78064,2442.67,True
1629528388065,0.78056,10.0,True
1629528388065,0.78041,192.56,True
1629528388065,0.78004,565.05,True
1629528388065,0.78003,176.29,True
1629528388065,0.77971,120.45,True
1629528388065,0.77962,750.69,True
1629528388065,0.77961,188.23,True
1629528388065,0.77956,10.0,True
1629528388065,0.77941,3417.96,True
1629528388065,0.77931,245.03,True
1629528388810,0.78324,436.81,True
1629528393115,0.78511,37.26,False
1629528393115,0.78511,50.99,False
1629528393115,0.78511,52.69,False
1629528393115,0.78504,370.0,False
1629528393115,0.78416,660.0,False
1629528393115,0.78415,42.1,False
1629528393115,0.78415,29.93,False
1629528393115,0.78415,32.78,False
1629528404966,0.78509,660.0,False
1629528404966,0.78513,428.65,False
1629528485062,0.78505,79.07,False
1629528509820,0.78512,566.41,False
1629528509820,0.78505,660.0,False
1629528509820,0.78504,243.46,False
1629528509820,0.78501,660.0,False
1629528510133,0.78332,188.57,True
1629528510133,0.78333,80.91,True
1629528601645,0.78505,8.12,False
1629528705206,0.78265,102.8,True
1629528705405,0.78275,88.13,True
1629528707965,0.7846,86.76,False
1629528707965,0.78461,26.52,False
1629528731576,0.7838,43.1,False
1629528733108,0.78372,572.0,False
1629528804897,0.78266,112.92,True
1629528847871,0.7823,42.09,True
1629528867213,0.78179,200.0,True
1629528868643,0.78214,32.81,True
1629528868643,0.78157,167.19,True
1629528963507,0.78222,30.15,True
1629528963507,0.78222,37.31,True
1629528963507,0.78222,51.05,True
1629528963507,0.78222,52.69,True
1629528963507,0.78222,32.81,True
1629528981149,0.78194,19.77,True
1629529051379,0.78183,28.95,True
1629529110543,0.78268,660.0,True
1629529139189,0.77971,77.66,True
1629529139189,0.77972,1129.78,True
1629529139189,0.78041,192.56,True
1629529139189,0.78056,10.0,True
1629529139189,0.78186,330.0,True
1629529139189,0.78191,660.0,True
1629529140575,0.78297,53.62,False
1629529141539,0.78288,11.4,False
1629529182996,0.78105,660.0,True
1629529182996,0.7798,330.0,True
1629529182996,0.77971,42.79,True
1629529182996,0.77961,188.23,True
1629529182996,0.77956,10.0,True
1629529182996,0.77941,3468.96,True
1629529182996,0.77931,2000.0,True
1629529182996,0.77907,31.43,True
1629529182996,0.77904,2442.67,True
1629529182996,0.77865,239.55,True
1629529182996,0.77856,10.0,True
1629529182996,0.77827,20.0,True
1629529182996,0.77778,449.79,True
1629529182996,0.77777,178.23,True
1629529182996,0.77742,475.87,True
1629529182996,0.77741,22.21,True
1629529182996,0.77718,1558.05,True
1629529182996,0.77711,114.78,True
1629529182996,0.77655,432.38,True
1629529182996,0.77623,649.9,True
1629529182996,0.77572,19.34,True
1629529182996,0.77556,10.0,True
1629529182996,0.77549,193.23,True
1629529182996,0.77532,1000.0,True
1629529182996,0.77491,263.61,True
1629529182996,0.77483,28.3,True
1629529182996,0.77477,6187.5,True
1629529182996,0.77441,1768.1,True
1629529182996,0.77427,279.26,True
1629529182996,0.77419,681.69,True
1629529182996,0.77408,34.85,True
1629529182996,0.77341,18562.5,True
1629529182996,0.77329,21594.39,True
1629529183330,0.78105,660.0,True
1629529183463,0.78059,617.34,False
1629529183948,0.78176,248.04,False
1629529183975,0.78176,122.68,False
1629529183975,0.78176,20.0,False
1629529184330,0.77979,330.0,True
1629529184557,0.78068,22.98,False
1629529184726,0.77562,330.0,True
1629529184915,0.77986,37.0,False
1629529184975,0.77974,357.67,False
1629529184976,0.77977,121.89,False
1629529184976,0.77974,302.33,False
1629529184983,0.77977,1384.45,False
1629529184983,0.77977,208.11,False
1629529184999,0.77977,46.88,False
1629529185146,0.77967,891.95,False
1629529185146,0.77967,42.09,False
1629529185146,0.77967,32.81,False
1629529185146,0.77967,30.15,False
1629529185649,0.77932,217.57,False
1629529185934,0.77932,22.0,False
1629529186560,0.77922,211.24,False
1629529188283,0.77918,100.0,False
1629529192133,0.77913,4.27,False
1629529192133,0.77912,72.79,False
1629529200756,0.77913,352.86,False
1629529202372,0.77913,7.7,False
1629529203949,0.77913,46.37,False
1629529205368,0.77174,50.0,True
1629529205368,0.77,1332.36,True
1629529205368,0.76174,50.0,True
1629529205368,0.76,50.0,True
1629529205368,0.75855,32.95,True
1629529205368,0.75174,50.0,True
1629529205368,0.75,62382.3,True
1629529205488,0.77696,435.64,True
1629529205488,0.77695,660.0,True
1629529205488,0.77623,192.79,True
1629529205488,0.77454,40.15,True
1629529205488,0.77441,316.94,True
1629529205488,0.7734,880.01,True
1629529205488,0.77339,629.24,True
1629529205488,0.77337,290.0,True
1629529205488,0.77335,290.0,True
1629529205488,0.77331,990.0,True
1629529205488,0.7733,392.81,True
1629529206025,0.77695,660.0,True
1629529206025,0.77696,330.0,True
1629529206025,0.77697,32.99,True
1629529206025,0.77697,42.34,True
1629529206025,0.77697,30.31,True
1629529206031,0.77813,174.67,False
1629529206033,0.77813,1690.0,False
1629529206036,0.77813,213.25,False
1629529206053,0.77813,170.5,False
1629529206062,0.77813,741.94,False
1629529206066,0.77813,342.58,False
1629529206105,0.77895,20.0,False
1629529207211,0.77623,192.79,True
1629529207241,0.77579,15.27,True
1629529207241,0.77579,16.61,True
1629529207241,0.77579,7.17,True
1629529207579,0.77748,157.55,False
1629529207950,0.77904,289.39,False
1629529211020,0.77627,1271.2,True
1629529211020,0.77672,660.0,True
1629529213741,0.778,21.63,False
1629529213784,0.778,308.37,False
1629529214027,0.77801,3154.0,False
1629529217159,0.77833,25.71,False
1629529217220,0.77833,304.28,False
1629529217234,0.7784,330.0,False
1629529218082,0.77731,50.0,True
1629529219441,0.77744,50.0,True
1629529221978,0.77763,7.7,True
1629529236670,0.77848,352.76,True
1629529243222,0.78014,660.0,False
1629529243222,0.78017,477.6,False
1629529243222,0.78018,343.18,False
1629529255047,0.78017,25.65,False
1629529255049,0.78017,25.65,False
1629529255222,0.78017,426.29,False
1629529262547,0.78116,102.48,False
1629529262547,0.78116,76.86,False
1629529262550,0.78116,500.0,False
1629529263385,0.78141,192.1,False
1629529268777,0.78168,51.21,False
1629529271189,0.78168,76.81,False
1629529298335,0.78112,32.69,False
1629529326188,0.77932,256.5,True
1629529341746,0.78112,1026.61,False
1629529395631,0.78111,6.77,False
1629529448872,0.78101,56.55,False
1629529549276,0.78142,49.6,False
1629529549276,0.78143,180.26,False
1629529576172,0.78056,2980.0,False
1629529576241,0.77931,330.0,True
1629529576275,0.7805,25.38,False
1629529583200,0.77882,480.51,True
1629529590953,0.78057,4.61,False
1629529590953,0.78053,25.38,False
1629529591622,0.78057,79.98,False
1629529591631,0.78057,750.0,False
1629529592273,0.78057,249.99,False
1629529598050,0.78058,62.97,False
1629529598050,0.78057,17.01,False
1629529598060,0.78058,270.0,False
1629529598966,0.78058,249.99,False
1629529599916,0.77939,258.08,True
1629529608605,0.77939,951.44,True
1629529608605,0.77939,0.01,True
1629529642898,0.78051,3246.53,False
1629529644916,0.78051,201.63,False
1629529645644,0.78051,1705.71,False
1629529645644,0.78051,1270.0,False
1629529645644,0.78051,458.37,False
1629529645644,0.7805,49.52,False
1629529654902,0.7807,11.4,False
1629529679199,0.78069,7.63,False
1629529679227,0.77951,157.73,True
1629529686210,0.78043,142.33,False
1629529695300,0.7807,129.46,False
1629529708878,0.7807,3037.78,False
1629529733165,0.77941,142.3,True
1629529782585,0.77907,660.0,True
1629529784989,0.77846,500.0,True
1629529784997,0.77846,160.0,True
1629529789594,0.7781,264.03,True
1629529789594,0.77818,360.0,True
1629529789594,0.77821,660.0,True
1629529790905,0.77794,660.0,True
1629529807813,0.77781,44.12,True
1629529807817,0.7778,44.12,True
1629529810106,0.77899,40.0,False
1629529810519,0.77899,20.0,False
1629529811435,0.77899,7.7,False
1629529817317,0.77899,159.09,False
1629529821434,0.77899,21.45,False
1629529838899,0.77899,452.78,False
1629529838899,0.77899,2332.9,False
1629529838906,0.77899,2623.95,False
1629529850416,0.77967,1851.45,False
1629529871707,0.77967,227.7,False
1629529871753,0.77967,830.29,False
1629529871768,0.77967,2956.92,False
1629529872353,0.78025,2712.4,False
1629529872353,0.77967,3154.0,False
1629529909418,0.78012,1514.27,False
1629529914137,0.78012,12.82,False
1629529914347,0.78012,1167.02,False
1629529914347,0.78012,347.17,False
1629529955893,0.78017,16.0,False
1629529958253,0.78017,360.0,False
1629529958253,0.78019,275.66,False
1629530000697,0.78016,196.04,False
1629530001431,0.77845,70.9,True
1629530001440,0.77845,153.68,True
1629530001440,0.77845,435.42,True
1629530001606,0.77903,30.42,False
1629530001606,0.77903,45.58,False
1629530001759,0.77787,64.38,True
1629530006007,0.78025,1431.42,False
1629530022779,0.78102,78.58,False
1629530099499,0.77963,660.0,True
1629530103499,0.78059,230.0,False
1629530104010,0.78059,230.0,False
1629530106071,0.78059,500.0,False
1629530106119,0.78059,691.53,False
1629530133061,0.78059,81.69,False
1629530133061,0.78059,1695.67,False
1629530142482,0.78059,41.32,False
1629530163224,0.78059,250.0,False
1629530163345,0.78059,500.88,False
1629530163357,0.78059,500.0,False
1629530163363,0.78059,500.0,False
1629530163436,0.78059,1087.77,False
1629530163445,0.78059,500.0,False
1629530163704,0.78059,250.0,False
1629530164171,0.78059,250.0,False
1629530164704,0.78059,0.88,False
1629530165172,0.78142,6.17,False
1629530165172,0.78141,49.6,False
1629530165172,0.78141,44.12,False
1629530189544,0.78159,50.0,False
1629530192879,0.78137,20.67,True
1629530192879,0.78137,31.9,True
1629530194721,0.78174,50.0,False
1629530212832,0.7824,11.4,True
1629530232927,0.78419,34.85,False
1629530233095,0.78419,34.85,False
1629530237090,0.78492,13.47,False
1629530237090,0.78492,20.68,False
1629530301274,0.78374,500.0,True
1629530329979,0.78307,660.0,True
1629530329979,0.7829,360.0,True
1629530329979,0.77971,351.88,True
1629530339947,0.78279,660.0,True
1629530339947,0.78263,64.43,True
1629530391146,0.7823,360.0,True
1629530391146,0.78228,409.47,True
1629530391742,0.7823,360.0,True
1629530424881,0.78386,303.26,False
1629530424881,0.78386,1185.0,False
1629530430763,0.78284,660.0,True
1629530474085,0.78246,660.0,True
1629530474106,0.78235,316.2,True
1629530474109,0.78235,711.87,True
1629530481926,0.78161,360.0,True
1629530481926,0.78154,79.18,True
1629530481926,0.78136,507.44,True
1629530678836,0.78358,159.98,False
1629530679146,0.78358,249.99,False
1629530679472,0.78358,159.98,False
1629530679907,0.78358,159.98,False
1629530680006,0.78358,216.64,False
1629530726536,0.78419,18.44,False
1629530726553,0.78301,70.68,True
1629530745153,0.7842,242.39,False
1629530803780,0.7842,117.61,False
1629530844106,0.78391,105.09,False
1629530844106,0.7839,360.0,False
1629530844106,0.78387,660.0,False
1629530876150,0.78221,9.58,True
1629530971464,0.78421,660.0,False
1629530971476,0.78303,129.94,True
1629530971484,0.78303,210.06,True
1629531022136,0.78419,615.75,False
1629531047259,0.78422,21.42,False
1629531080385,0.78281,31.85,True
1629531080385,0.7828,368.15,True
1629531126016,0.78429,103.98,False
1629531134613,0.7828,202.44,True
1629531148887,0.7828,800.0,True
1629531279405,0.78402,249.99,False
1629531280368,0.78405,249.98,False
1629531280825,0.78405,24.61,False
1629531283488,0.78423,250.0,False
1629531353866,0.78423,147.3,False
1629531414431,0.78136,63.99,True
1629531414431,0.78213,110.96,True
1629531414431,0.78212,660.0,True
1629531414431,0.78176,360.0,True
1629531414431,0.78003,81.92,True
1629531418496,0.78212,236.04,True
1629531418496,0.78213,44.99,True
1629531418496,0.78213,31.85,True
1629531418496,0.78213,34.12,True
1629531435303,0.78394,110.96,False
1629531435303,0.78395,660.0,False
1629531435303,0.78413,161.67,False
1629531447494,0.78379,660.0,False
1629531447494,0.78382,235.57,False
1629531447494,0.78383,347.5,False
1629531481648,0.78359,660.0,False
1629531481648,0.78421,330.0,False
1629531481648,0.78429,320.0,False
1629531481648,0.7843,88.5,False
1629531653286,0.78405,78.15,False
1629531705492,0.78405,34.12,False
1629531705492,0.78405,31.85,False
1629531705492,0.78405,44.99,False
1629531707376,0.78287,306.07,True
1629531724977,0.78406,545.64,False
1629531844582,0.78405,1015.08,False
1629531844582,0.78406,226.88,False
1629531868849,0.78405,1015.08,False
1629531868849,0.78406,452.75,False
1629531868849,0.78421,85.15,False
1629531877605,0.78262,660.0,True
1629531877612,0.7798,1147.84,False
1629531877614,0.7798,2752.14,False
1629531877614,0.7798,638.18,False
1629531877975,0.7843,960.6,False
1629531877975,0.78512,282.4,False
1629531879022,0.78342,248.84,False
1629531879133,0.78342,127.66,False
1629531879137,0.78342,266.16,False
1629531879235,0.78342,17.33,False
1629531879494,0.78392,79.57,False
1629531908840,0.78345,330.0,True
1629531908840,0.78346,330.0,True
1629531911034,0.78308,660.0,True
1629531940032,0.78306,31.9,True
1629532000563,0.78409,141.68,False
1629532036685,0.78377,328.69,False
1629532064914,0.78361,7.7,False
1629532064918,0.78242,277.13,True
1629532112622,0.78361,968.09,False
1629532124617,0.78361,72.55,False
1629532137196,0.78361,500.0,False
1629532137212,0.78361,500.0,False
1629532137217,0.78361,355.67,False
1629532139867,0.78242,42.04,True
1629532143715,0.78361,116.5,False
1629532174413,0.78242,127.23,True
1629532174417,0.78242,23.52,True
1629532174467,0.78242,127.74,True
1629532174473,0.78242,62.34,True
1629532174504,0.78242,660.0,True
1629532174538,0.78242,500.0,True
1629532174547,0.78242,160.0,True
1629532245238,0.78186,6.63,True
1629532419449,0.78196,500.0,True
1629532419487,0.78196,160.0,True
1629532447107,0.78171,24.25,True
1629532501689,0.78306,1086.56,False
1629532516759,0.78413,1864.23,False
1629532654790,0.78306,52.93,False
1629532662501,0.78306,960.15,False
1629532662510,0.78306,59.53,False
1629532662510,0.78306,682.33,False
1629532662634,0.7831,59.53,False
1629532667827,0.78246,35.86,True
1629532767417,0.78009,25.62,True
1629532767417,0.78014,2442.67,True
1629532767417,0.78171,252.0,True
1629532767417,0.78171,635.75,True
1629532767417,0.78175,660.0,True
1629532767417,0.78177,1984.91,True
1629532767417,0.78179,400.0,True
1629532767417,0.78181,520.0,True
1629532767417,0.78183,540.0,True
1629532767417,0.78184,2300.04,True
1629532767417,0.78185,560.0,True
1629532767417,0.78187,570.0,True
1629532767417,0.78188,2801.09,True
1629532767417,0.78242,1256.0,True
1629532767417,0.78243,410.0,True
1629532767417,0.78243,360.0,True
1629532771911,0.78178,40.01,False
1629532772376,0.78146,40.03,False
1629532772384,0.78146,80.06,False
1629532772873,0.78145,218.29,False
1629532772873,0.78144,31.9,False
1629532773697,0.78145,40.0,False
1629532774023,0.78167,250.0,False
1629532774133,0.7816,39.99,False
1629532774526,0.78144,80.01,False
1629532775466,0.78144,79.98,False
1629532775958,0.78136,150.0,False
1629532776068,0.78136,39.99,False
1629532776873,0.78136,149.99,False
1629532777116,0.78135,39.99,False
1629532777194,0.78135,59.99,False
1629532777273,0.78135,43.35,False
1629532777279,0.78135,43.24,False
1629532777297,0.78135,12.8,False
1629532777524,0.78135,250.0,False
1629532777568,0.78135,39.99,False
1629532777605,0.78135,250.61,False
1629532778022,0.78241,159.78,False
1629532778481,0.78234,249.68,False
1629532778977,0.78234,249.68,False
1629532779878,0.78233,249.99,False
1629532780351,0.78233,149.67,False
1629532780351,0.78233,100.31,False
1629532783361,0.78233,249.99,False
1629532783882,0.78233,148.21,False
1629532783882,0.78233,51.77,False
1629532784452,0.78234,160.63,False
1629532784452,0.78233,26.94,False
1629532793851,0.78413,1244.98,False
1629532801674,0.78413,32.14,False
1629532817182,0.7828,360.0,True
1629532833071,0.78207,5.5,True
1629532833071,0.78214,360.0,True
1629532854475,0.7825,168.19,True
1629532889572,0.78335,250.05,False
1629532889890,0.78334,43.79,False
1629532890072,0.7835,250.0,False
1629532890380,0.78348,159.98,False
1629532890976,0.7835,28.09,False
1629532890976,0.78348,200.01,False
1629532890976,0.78347,21.89,False
1629532891531,0.78394,238.9,False
1629532891531,0.78376,10.95,False
1629532917912,0.78413,150.0,False
1629532919619,0.78413,150.0,False
1629532921345,0.78413,150.0,False
1629532939042,0.78413,150.0,False
1629532941309,0.78413,150.0,False
1629532982346,0.78346,12.92,True
1629533101198,0.78413,31.61,False
1629533172518,0.78413,842.4,False
1629533264006,0.78413,360.0,False
1629533264109,0.78413,360.0,False
1629533264109,0.78413,660.0,False
1629533264109,0.78413,1628.79,False
1629533264207,0.78413,360.0,False
1629533264207,0.78413,660.0,False
1629533264207,0.78413,660.0,False
1629533264208,0.78413,104.94,False
1629533264208,0.78413,630.52,False
1629533264315,0.78413,660.0,False
1629533264315,0.78413,360.0,False
1629533264315,0.78413,660.0,False
1629533265211,0.78413,360.0,False
1629533265211,0.78413,523.37,False
1629533266361,0.78435,125.37,True
1629533266917,0.78635,26.45,False
1629533267033,0.78635,38.14,False
1629533267143,0.78635,76.29,False
1629533268651,0.78635,25.45,False
1629533316241,0.78595,500.0,False
1629533329503,0.78595,87.83,False
1629533339762,0.78595,387.5,False
1629533352024,0.7863,7.6,False
1629533364641,0.7863,503.96,False
1629533380702,0.78537,72.82,True
1629533410377,0.78574,295.99,True
1629533411013,0.78574,364.01,True
1629533419577,0.78421,340.0,True
1629533419577,0.78524,660.0,True
1629533432162,0.78692,28.91,False
1629533433570,0.78445,38.9,True
1629533433570,0.78445,32.0,True
1629533450405,0.784,360.0,True
1629533450511,0.784,1440.0,True
1629533451465,0.7831,90.03,False
1629533451991,0.78292,80.04,False
1629533452712,0.78256,40.0,False
1629533452876,0.78255,33.89,False
1629533452876,0.78255,32.0,False
1629533452949,0.78251,360.0,False
1629533453144,0.78427,49.89,False
1629533453384,0.784,79.86,False
1629533459965,0.78283,65.62,False
1629533459965,0.78282,44.41,False
1629533460586,0.78319,109.97,False
1629533471553,0.78363,1247.6,False
1629533471553,0.78433,773.03,False
1629533472483,0.78363,278.53,False
1629533472483,0.78363,360.0,False
1629533480798,0.78545,937.21,False
1629533480798,0.78561,617.66,False
1629533481236,0.78619,484.53,False
1629533481236,0.78561,660.0,False
1629533481236,0.7856,50.53,False
1629533481236,0.7856,51.28,False
1629533481236,0.7856,52.69,False
1629533481236,0.78559,899.54,False
1629533481236,0.78435,360.0,False
1629533481236,0.78363,609.06,False
1629533481236,0.78362,407.86,False
1629533483428,0.78607,249.21,False
1629533502475,0.78489,175.57,True
1629533632097,0.78612,254.6,False
1629533685085,0.78441,285.52,True
1629533698080,0.78609,442.63,False
1629533704851,0.78,180.34,True
1629533704851,0.7842,660.0,True
1629533704851,0.78417,360.0,True
1629533704851,0.78416,660.0,True
1629533704851,0.78205,1000.0,True
1629533704851,0.77956,2187.46,True
1629533704851,0.77955,407.86,True
1629533704851,0.77953,36.64,True
1629533704851,0.77941,933.42,True
1629533704851,0.77886,6187.5,True
1629533704851,0.77868,4762.15,True
1629533706078,0.78416,660.0,True
1629533712321,0.78214,360.0,True
1629533712321,0.78205,1000.0,True
1629533712321,0.77956,2187.46,True
1629533712321,0.77955,407.86,True
1629533712321,0.77953,36.64,True
1629533712321,0.77941,933.42,True
1629533712321,0.77886,6187.5,True
1629533712321,0.77868,6262.49,True
1629533712418,0.78333,249.74,True
1629533712418,0.78334,33.85,True
1629533712418,0.78334,32.0,True
1629533712418,0.78334,44.41,True
1629533712437,0.78334,44.45,True
1629533713497,0.77868,5749.14,True
1629533713497,0.77886,6187.5,True
1629533713497,0.77941,933.42,True
1629533713497,0.77953,36.64,True
1629533713497,0.77955,407.86,True
1629533713497,0.78205,1000.0,True
1629533713497,0.78227,660.0,True
1629533713497,0.7824,660.0,True
1629533713497,0.78247,867.77,True
1629533713497,0.78247,51.77,True
1629533713497,0.78247,50.58,True
1629533713497,0.78247,50.72,True
1629533713497,0.78256,360.0,True
1629533713705,0.78468,31.0,False
1629533714361,0.78387,20.0,False
1629533726402,0.78168,111.24,False
1629533727441,0.78152,51.08,False
1629533729055,0.7814,332.97,False
1629533729056,0.7814,19.83,False
1629533729913,0.78319,14.58,False
1629533808790,0.78198,2023.99,False
1629533828428,0.77801,360.0,True
1629533829463,0.78095,17.0,False
1629533830991,0.78074,1868.73,False
1629533831057,0.78073,50.72,False
1629533831057,0.78073,51.78,False
1629533831057,0.78073,16.85,False
1629533831057,0.78073,32.0,False
1629533831057,0.78073,87.68,False
1629533832003,0.78103,63.34,False
1629533835597,0.78111,250.0,False
1629533842965,0.77881,14.27,True
1629533863918,0.78257,155.1,False
1629533867053,0.78257,78.1,False
1629533901454,0.78257,1555.87,False
1629533902185,0.78257,895.9,False
1629533902185,0.78257,660.0,False
1629533924927,0.78316,50.58,False
1629533924927,0.78317,1.29,False
1629533943278,0.78317,1312.16,False
1629533944767,0.78314,660.0,False
1629533997394,0.78389,225.59,False
1629533997585,0.78389,121.0,False
1629533998104,0.78386,87.54,False
1629534014124,0.78385,63.14,False
1629534014124,0.78386,516.01,False
1629534016312,0.78385,63.14,False
1629534061573,0.78508,660.0,False
1629534103541,0.78439,20.0,False
1629534209373,0.78407,56.02,False
1629534301300,0.78407,31.67,False
1629534331770,0.78175,17.9,True
1629534331791,0.78175,17.9,True
1629534384912,0.78265,249.99,False
1629534385990,0.78265,249.99,False
1629534386581,0.78268,89.97,False
1629534386581,0.78265,160.01,False
1629534391076,0.78262,7.7,False
1629534399508,0.78262,100.0,False
1629534440331,0.78131,546.41,True
1629534487105,0.782,57.0,False
1629534500599,0.78006,154.59,True
1629534501493,0.78215,302.32,False
1629534527840,0.78243,10.8,False
1629534528121,0.78243,24.05,False
1629534528794,0.78243,10.16,False
1629534554238,0.78044,10.16,True
1629534606365,0.78239,7.7,False
1629534671656,0.78239,55.69,False
1629534686965,0.78235,33.0,False
1629534695964,0.78235,37.0,False
1629534700896,0.78227,37.0,False
1629534765942,0.78211,7.7,False
1629534840250,0.78134,660.0,False
1629534852916,0.77941,46.86,True
1629534897710,0.78134,3700.01,False
1629534900681,0.78134,3154.0,False
1629534900681,0.78134,660.0,False
1629534911307,0.78018,172.9,True
1629535005890,0.78134,3154.0,False
1629535005890,0.78134,660.0,False
1629535044631,0.77963,108.45,True
1629535053104,0.77978,660.0,True
1629535053104,0.77979,400.0,True
1629535053104,0.77982,660.0,True
1629535053124,0.77985,660.0,True
1629535056434,0.7806,342.0,False
1629535056434,0.78057,660.0,False
1629535069987,0.77851,175.0,True
1629535100738,0.77915,9.0,True
1629535123618,0.78114,660.0,False
1629535206267,0.78178,7.7,False
1629535239529,0.7797,7.7,True
1629535254233,0.7798,641.48,True
1629535260968,0.77797,64.26,True
1629535260968,0.7798,18.52,True
1629535260968,0.77973,1060.0,True
1629535260968,0.77955,3585.65,True
1629535260968,0.77792,1678.91,True
1629535262185,0.77792,1260.33,True
1629535262185,0.77955,3585.65,True
1629535262185,0.77964,400.0,True
1629535262185,0.7798,18.52,True
1629535306339,0.77882,31.87,True
1629535306339,0.77882,30.24,True
1629535306339,0.77882,40.22,True
1629535333186,0.78083,31.88,False
1629535373044,0.77864,331.23,True
1629535417522,0.78047,38.46,False
1629535437165,0.78051,1366.55,False
1629535443444,0.78215,9.08,False
1629535487883,0.78132,176.55,True
1629535533722,0.78145,373.69,True
1629535534359,0.78142,111.54,True
1629535535551,0.78142,288.45,True
1629535535552,0.78142,0.01,True
1629535538540,0.78132,116.76,True
1629535546616,0.78133,32.75,True
1629535569123,0.78132,660.0,False
1629535577395,0.7807,38.28,True
1629535577395,0.7807,31.73,True
1629535577452,0.78069,660.0,True
1629535578269,0.78064,30.14,True
1629535578269,0.78064,31.76,True
1629535598715,0.78051,541.53,True
1629535699916,0.78053,660.0,True
1629535797415,0.78053,660.0,False
1629535799436,0.78026,660.0,True
1629535840725,0.78032,192.79,True
1629536113922,0.78053,2499.77,False
1629536232607,0.78053,674.74,False
1629536261481,0.78035,660.0,True
1629536262620,0.78032,500.0,True
1629536262652,0.78032,352.8,True
1629536262660,0.78032,295.35,True
1629536262660,0.78032,235.62,True
1629536262667,0.78032,446.54,True
1629536263998,0.78145,250.0,False
1629536264823,0.78145,250.0,False
1629536265449,0.78143,250.01,False
1629536266015,0.78153,6.89,False
1629536266015,0.78143,139.98,False
1629536266015,0.78142,30.14,False
1629536266015,0.78142,41.23,False
1629536266015,0.78142,31.76,False
1629536266999,0.7819,2.61,False
1629536266999,0.78153,77.37,False
1629536267502,0.7819,79.95,False
1629536273200,0.78123,79.98,False
1629536273790,0.78123,79.98,False
1629536274737,0.78123,79.99,False
1629536275212,0.78123,150.03,False
1629536276388,0.78123,250.0,False
1629536276913,0.78123,140.0,False
1629536277896,0.78124,249.99,False
1629536295845,0.78124,7.17,False
1629536386640,0.78091,20.0,False
1629536474339,0.77889,660.0,True
1629536474993,0.77994,110.0,False
1629536475518,0.77994,110.0,False
1629536476632,0.77994,109.98,False
1629536477279,0.77994,79.98,False
1629536478574,0.77994,79.98,False
1629536479104,0.77994,79.98,False
1629536479677,0.77994,79.98,False
1629536480200,0.77998,159.93,False
1629536480200,0.77994,10.04,False
1629536483743,0.77995,250.0,False
1629536484414,0.77995,250.0,False
1629536485376,0.77995,160.0,False
1629536485960,0.77992,250.0,False
1629536487908,0.77992,249.99,False
1629536488439,0.77998,89.99,False
1629536488439,0.77992,159.99,False
1629536489013,0.77989,250.0,False
1629536489954,0.77989,249.99,False
1629536490472,0.77991,89.99,False
1629536490472,0.77989,160.0,False
1629536491524,0.77986,249.99,False
1629536503417,0.77986,99.99,False
1629536504004,0.77986,99.99,False
1629536520925,0.77986,11.13,False
1629536560421,0.77837,500.0,True
1629536560715,0.77971,25.0,False
1629536563389,0.77971,250.0,False
1629536563978,0.77971,139.99,False
1629536564402,0.77787,390.0,True
1629536564703,0.7796,140.01,False
1629536565750,0.7796,240.02,False
1629536566254,0.7796,249.99,False
1629536566724,0.7796,29.96,False
1629536567752,0.77894,80.06,False
1629536567910,0.77894,11.6,False
1629536568089,0.77894,159.99,False
1629536568913,0.77894,16.09,False
1629536574477,0.77864,11.03,False
1629536580677,0.77864,32.33,False
1629536585798,0.77537,305.39,True
1629536585798,0.77541,972.62,True
1629536585798,0.7757,1000.0,True
1629536585798,0.77571,53.05,True
1629536585798,0.77579,390.0,True
1629536585798,0.77698,86.02,True
1629536585798,0.77701,660.0,True
1629536586699,0.77827,250.0,False
1629536587156,0.77827,120.0,False
1629536587156,0.77827,410.0,False
1629536587319,0.77824,250.0,False
1629536587920,0.77824,65.34,False
1629536588269,0.77824,249.99,False
1629536588761,0.77824,94.65,False
1629536589656,0.77628,660.0,True
1629536589943,0.77799,250.09,False
1629536591548,0.77796,249.99,False
1629536593922,0.77694,401.8,False
1629536594748,0.77694,58.0,False
1629536595235,0.77696,105.77,False
1629536595235,0.77694,200.2,False
1629536597248,0.77691,27.0,False
1629536600483,0.77691,12.88,False
1629536619076,0.77491,0.51,True
1629536627407,0.77691,128.81,False
1629536628068,0.77691,25.76,False
1629536639095,0.77691,118.66,False
1629536641939,0.77491,659.49,True
1629536642935,0.77605,21.41,False
1629536643574,0.77605,249.99,False
1629536644082,0.77606,249.99,False
1629536644934,0.77603,24.66,False
1629536645248,0.77603,209.99,False
1629536646015,0.77606,159.99,False
1629536646771,0.77602,209.99,False
1629536657108,0.77573,432.0,False
1629536657427,0.77509,23.0,False
1629536657516,0.77501,26.0,False
1629536657676,0.77494,166.0,False
1629536658937,0.77477,26.43,False
1629536658937,0.77476,33.5,False
1629536658937,0.77476,43.27,False
1629536658937,0.77476,30.3,False
1629536662611,0.77469,12.91,False
1629536662870,0.77469,73.0,False
1629536664351,0.77469,28.0,False
1629536684947,0.77458,27.82,False
1629536723125,0.7742,326.24,True
1629536723126,0.77277,660.0,True
1629536728266,0.77389,25.86,False
1629536732076,0.77385,151.0,False
1629536739401,0.77385,509.0,False
1629536739401,0.77388,54.47,False
1629536739401,0.77389,634.13,False
1629536739401,0.77395,1058.93,False
1629536751481,0.77472,660.0,False
1629536751481,0.776,560.0,False
1629536751481,0.77681,736.44,False
1629536764963,0.7746,7.09,False
1629536766443,0.77559,620.82,False
1629536766443,0.7746,2442.67,False
1629536766443,0.7746,953.51,False
1629536774995,0.77551,181.22,False
1629536791632,0.77315,233.72,True
1629536791632,0.77318,660.0,True
1629536791632,0.77319,43.39,True
1629536791632,0.77319,30.31,True
1629536791632,0.77319,33.59,True
1629536793614,0.77322,341.11,True
1629536796167,0.77405,1000.0,True
1629536834734,0.77322,318.89,True
1629536836810,0.7744,249.99,False
1629536837350,0.77513,47.48,False
1629536837350,0.77513,53.9,False
1629536837350,0.7744,148.51,False
1629536868070,0.77439,160.35,False
1629536868070,0.7744,390.0,False
1629536868070,0.77442,940.3,False
1629536873570,0.77441,43.39,False
1629536873570,0.77441,30.31,False
1629536926984,0.77542,60.0,False
1629536926984,0.77542,390.0,False
1629536946398,0.77439,1000.0,True
1629536979417,0.77341,43.3,True
1629536979417,0.77341,30.32,True
1629536999023,0.77459,1166.31,False
1629536999023,0.77459,997.09,False
1629536999030,0.77459,71.26,False
1629537012419,0.77459,121.31,False
1629537022015,0.77532,224.83,False
1629537055717,0.77541,390.0,False
1629537057615,0.77426,84.0,True
1629537069533,0.77559,3646.07,False
1629537070214,0.77799,385.9,False
1629537094784,0.77624,660.0,True
1629537094784,0.77607,390.0,True
1629537094784,0.7743,16.2,True
1629537094784,0.77429,101.22,True
1629537094784,0.77428,2442.67,True
1629537094784,0.77427,767.6,True
1629537094784,0.77423,316.19,True
1629537094784,0.77422,1000.0,True
1629537094784,0.77299,816.66,True
1629537094784,0.77298,214.83,True
1629537094784,0.77257,2329.1,True
1629537095814,0.77624,660.0,True
1629537095846,0.77556,390.0,True
1629537099448,0.77621,99.99,False
1629537100568,0.77621,99.99,False
1629537103564,0.77621,249.99,False
1629537103649,0.77621,6.44,False
1629537104176,0.77621,249.99,False
1629537104213,0.77621,322.05,False
1629537105246,0.77621,249.99,False
1629537105757,0.77621,249.99,False
1629537106827,0.77621,249.99,False
1629537107349,0.77621,249.99,False
1629537108367,0.77621,249.99,False
1629537108897,0.77621,249.99,False
1629537109805,0.77621,249.99,False
1629537110081,0.77454,502.0,True
1629537110295,0.77621,249.99,False
1629537111403,0.77621,124.42,False
1629537111403,0.77621,125.57,False
1629537112113,0.77621,79.98,False
1629537113022,0.77621,79.98,False
1629537114892,0.77621,79.98,False
1629537116060,0.77621,79.98,False
1629537123869,0.77613,249.99,False
1629537124361,0.77621,109.97,False
1629537124361,0.77613,140.0,False
1629537125423,0.77613,249.99,False
1629537125932,0.77613,79.99,False
1629537126945,0.77613,60.01,False
1629537222597,0.77519,660.0,True
1629537228533,0.77467,660.0,True
1629537230119,0.77587,34.75,False
1629537235056,0.77613,57.87,False
1629537244176,0.77425,294.84,True
1629537262394,0.77613,64.47,False
1629537276239,0.7761,294.84,False
1629537284271,0.77411,146.19,True
1629537321729,0.77513,64.55,False
1629537327008,0.77494,38.74,False
1629537385591,0.77324,167.43,True
1629537396198,0.77399,500.0,True
1629537431360,0.77486,7.1,False
1629537486425,0.775,156.93,True
1629537486608,0.77332,304.64,True
1629537553762,0.77552,202.23,False
1629537580173,0.77562,209.55,False
1629537592177,0.77469,579.15,True
1629537595724,0.77485,297.0,True
1629537596365,0.77485,163.0,True
1629537596959,0.77485,90.0,True
1629537597295,0.77485,49.0,True
1629537597855,0.77485,27.0,True
1629537606951,0.77561,529.0,True
1629537612020,0.77437,160.0,True
1629537614161,0.77586,157.31,False
1629537670735,0.77441,13.11,True
1629537670754,0.77441,13.11,True
1629537700140,0.77574,204.41,False
1629537701257,0.77574,60.77,False
1629537701446,0.77574,18.21,False
1629537712833,0.77455,1000.0,True
1629537720583,0.77446,390.0,True
1629537720613,0.77564,95.31,False
1629537737750,0.77574,490.76,False
1629537748724,0.77485,297.0,True
1629537749343,0.77485,163.0,True
1629537749531,0.77485,90.0,True
1629537749765,0.77485,49.0,True
1629537750028,0.77485,27.0,True
1629537792700,0.77537,504.0,True
1629537852043,0.77588,354.47,False
1629537852261,0.77591,106.17,False
1629537869198,0.77591,27.66,False
1629537955777,0.77455,390.0,True
1629537955778,0.77455,660.0,True
1629537955844,0.77455,451.45,True
1629537959604,0.77253,475.32,True
1629538003576,0.77457,403.94,False
1629538012734,0.77511,395.14,False
1629538012919,0.77511,62.06,False
1629538013095,0.77516,74.87,False
1629538016527,0.77346,43.18,True
1629538068148,0.7744,500.0,True
1629538075941,0.77519,500.0,False
1629538075941,0.77518,43.31,False
1629538075941,0.77518,30.32,False
1629538075941,0.77518,26.49,False
1629538076381,0.77522,1989.93,False
1629538090043,0.77458,660.0,True
1629538095003,0.77383,660.0,True
1629538095003,0.77391,32.59,True
1629538095003,0.77391,35.54,True
1629538095003,0.77391,45.57,True
1629538097172,0.77501,865.52,False
1629538117252,0.77386,806.23,True
1629538117252,0.77389,660.0,True
1629538117259,0.77386,59.37,True
1629538135088,0.77385,653.92,True
1629538148185,0.77385,6.08,True
1629538148194,0.77331,5345.77,False
1629538148202,0.77331,1000.0,False
1629538148351,0.77331,1500.0,False
1629538149107,0.77331,475.0,False
1629538149961,0.77331,159.99,False
1629538150517,0.77327,81.57,False
1629538151037,0.77328,79.99,False
1629538151298,0.77328,136.18,False
1629538154754,0.77328,387.95,False
1629538155527,0.77328,25.88,False
1629538173323,0.77266,26.13,False
1629538191688,0.77391,1000.2,False
1629538191688,0.77391,660.0,False
1629538191688,0.7739,2442.67,False
1629538191688,0.77384,400.0,False
1629538191696,0.77275,500.0,True
1629538191702,0.77277,500.0,True
1629538194476,0.77301,371.94,True
1629538214319,0.7754,400.0,False
1629538214326,0.7743,500.0,True
1629538214581,0.77433,132.16,True
1629538214687,0.77433,128.56,True
1629538214860,0.77433,75.29,True
1629538215511,0.77433,323.99,True
1629538218177,0.7743,660.0,True
1629538218177,0.7743,152.42,True
1629538218185,0.77429,1676.0,True
1629538220717,0.77429,1000.0,True
1629538220724,0.77429,2000.0,True
1629538220735,0.77429,500.0,True
1629538220741,0.77429,500.0,True
1629538221252,0.77429,1634.75,True
1629538229077,0.77429,2749.84,True
1629538230985,0.77548,75.29,False
1629538238038,0.77548,2924.7,False
1629538247718,0.77433,1000.0,True
1629538247718,0.77434,400.0,True
1629538247990,0.77429,5490.11,True
1629538247997,0.77429,2692.62,True
1629538247999,0.77429,2173.14,True
1629538248001,0.77429,7920.0,True
1629538255114,0.77505,25.82,False
1629538271898,0.77271,12.64,True
1629538325684,0.77232,660.0,True
1629538336791,0.77389,300.0,False
1629538415793,0.7738,166.88,False
1629538476172,0.77417,80.8,False
1629538524872,0.77242,500.0,True
1629538543259,0.77355,37.3,False
1629538547359,0.77355,662.82,False
1629538547359,0.77358,532.17,False
1629538547359,0.77393,400.0,False
1629538547359,0.77394,369.77,False
1629538548186,0.77358,769.8,False
1629538548186,0.77358,532.17,False
1629538548186,0.77355,662.82,False
1629538557215,0.77215,700.0,True
1629538623072,0.77355,103.49,False
1629538703931,0.77358,250.2,False
1629538712203,0.77289,25.79,True
1629538833827,0.77245,16.44,True
1629538875543,0.77242,16.32,True
1629538951981,0.77265,660.0,True
1629538953966,0.7738,229.99,False
1629538954678,0.77423,229.87,False
1629538970178,0.77423,430.12,False
1629539014942,0.77332,500.0,True
1629539148212,0.7744,660.0,False
1629539148212,0.7744,400.0,False
1629539148327,0.7744,660.0,False
1629539148327,0.7744,660.0,False
1629539148327,0.7744,276.77,False
1629539148432,0.7744,660.0,False
1629539148432,0.7744,481.3,False
1629539148623,0.7744,660.0,False
1629539148623,0.7744,400.0,False
1629539148704,0.7744,276.77,False
1629539148810,0.7744,660.0,False
1629539148810,0.7744,400.0,False
1629539148810,0.7744,660.0,False
1629539148810,0.7744,113.44,False
1629539247009,0.7744,1099.7,False
1629539255000,0.7744,660.0,False
1629539255001,0.7744,660.0,False
1629539255115,0.7744,400.0,False
1629539255115,0.7744,32.65,False
1629539255115,0.7744,660.0,False
1629539255115,0.7744,660.0,False
1629539255292,0.7744,660.0,False
1629539257256,0.7744,660.0,False
1629539257635,0.7744,660.0,False
1629539257636,0.7744,660.0,False
1629539257801,0.7744,362.0,False
1629539257801,0.7744,400.0,False
1629539261050,0.77431,163.0,True
1629539266294,0.77431,36.0,True
1629539266396,0.77431,461.0,True
1629539267626,0.7742,30.5,True
1629539290478,0.7744,144.53,False
1629539297872,0.7742,500.0,True
1629539297888,0.7742,129.5,True
1629539371298,0.7744,115.95,False
1629539374467,0.7744,95.66,False
1629539487020,0.77609,8.02,False
1629539487486,0.77599,6.49,False
1629539501463,0.77597,21.11,False
1629539502443,0.77481,189.13,True
1629539513400,0.77481,1000.0,True
1629539513402,0.77481,2028.43,True
1629539522914,0.77467,115.95,True
1629539618887,0.77535,321.39,False
1629539661569,0.77357,10.88,True
1629539661620,0.77357,10.93,True
1629539700210,0.77484,29.88,False
1629539749445,0.77242,15.96,True
1629539750117,0.77541,55.34,False
1629539750117,0.77452,660.0,False
1629539750117,0.77451,400.0,False
1629539750117,0.77403,660.0,False
1629539758761,0.77427,660.0,False
1629539787274,0.77331,45.15,True
1629539787274,0.77331,32.68,True
1629539787274,0.77331,35.31,True
1629539787274,0.77338,400.0,True
1629539792588,0.77448,134.79,False
1629539849885,0.77445,19.53,False
1629539849885,0.77444,45.16,False
1629539849885,0.77444,35.31,False
1629539878770,0.77423,660.0,False
1629540002064,0.77447,32.05,False
1629540225974,0.77387,18.22,True
1629540242134,0.77447,386.27,False
1629540277877,0.77607,40.34,False
1629540277877,0.77606,39.64,False
1629540279022,0.77607,249.98,False
1629540279606,0.77607,89.99,False
1629540280407,0.77607,89.99,False
1629540307665,0.77609,209.99,False
1629540308707,0.77609,129.99,False
1629540309288,0.77609,4.47,False
1629540310128,0.77656,79.95,False
1629540310679,0.77656,79.95,False
timestamp,price,size,isBuyerMaker
1629611879760,0.76333,660.0,True
1629611923207,0.76449,201.76,False
1629612086680,0.76475,65.62,True
1629612086712,0.76475,130.39,True
1629612090837,0.76641,49.47,False
1629612129683,0.76702,660.0,False
1629612130319,0.76543,17.03,True
1629612132072,0.76543,67.02,True
1629612132072,0.76542,660.0,True
1629612132072,0.76294,178.59,True
1629612132072,0.76174,399.51,True
1629612132650,0.76542,660.0,True
1629612165407,0.767,330.0,False
1629612165407,0.76707,12.09,False
1629612165407,0.76708,563.09,False
1629612165866,0.76471,42.71,True
1629612165866,0.76472,13.63,True
1629612165866,0.76472,38.96,True
1629612165866,0.76472,36.7,True
1629612166833,0.76471,80.0,True
1629612376684,0.7632,11.4,True
1629612430805,0.76124,760.74,True
1629612430805,0.76252,660.0,True
1629612430805,0.7626,300.0,True
1629612443935,0.7618,200.19,True
1629612619410,0.76261,300.0,True
1629612619411,0.7625,135.14,False
1629612631235,0.76246,470.0,True
1629612631248,0.76364,62.18,False
1629612691876,0.76145,660.0,True
1629612692977,0.76258,57.0,False
1629612740711,0.76341,19.34,False
1629612743904,0.76159,19.34,True
1629612823802,0.7616,2930.27,True
1629612823866,0.7622,21.0,False
1629612825289,0.76084,960.6,True
1629612851477,0.76179,16.73,False
1629612862922,0.76,531.0,True
1629612863932,0.75975,26.88,True
1629612881438,0.76038,250.0,True
1629612885404,0.76221,59.88,False
1629612888118,0.76221,8.73,False
1629612900991,0.76319,32.53,False
1629612947538,0.7618,660.0,True
1629612962456,0.76291,8.28,False
1629612977824,0.76286,19.98,False
1629612977824,0.76286,30.66,False
1629612977824,0.76286,38.97,False
1629612994004,0.76279,9.98,False
1629613033993,0.76304,149.47,False
1629613041476,0.76179,660.0,True
1629613041476,0.7618,36.6,True
1629613041476,0.7618,51.05,True
1629613041476,0.7618,30.85,True
1629613041476,0.7618,50.62,True
1629613041476,0.7618,39.17,True
1629613041476,0.76183,660.0,True
1629613041496,0.76186,660.0,True
1629613050733,0.76003,196.25,True
1629613051437,0.76027,186.14,False
1629613051860,0.76026,23.41,False
1629613051860,0.76026,36.6,False
1629613052434,0.76027,13.38,False
1629613052434,0.76026,39.17,False
1629613052434,0.76026,7.44,False
1629613053437,0.76027,19.58,False
1629613074195,0.76041,360.0,False
1629613087482,0.7599,7.74,True
1629613087482,0.7599,36.73,True
1629613113518,0.76158,892.1,False
1629613119748,0.76227,360.0,False
1629613119748,0.76235,263.44,False
1629613120348,0.76235,981.0,False
1629613120348,0.76227,360.0,False
1629613121361,0.76077,23.14,True
1629613121361,0.76077,39.19,True
1629613122016,0.7614,19.14,False
1629613147854,0.7614,23.86,False
1629613168435,0.76065,660.0,True
1629613168566,0.76155,1046.38,False
1629613171047,0.76058,329.95,True
1629613187129,0.76311,360.0,False
1629613187129,0.76319,660.0,False
1629613187129,0.76456,98.28,False
1629613199208,0.76319,660.0,False
1629613199208,0.76453,777.36,False
1629613199489,0.76279,30.89,False
1629613199489,0.76279,36.73,False
1629613199489,0.76279,39.19,False
1629613199489,0.7627,360.0,False
1629613200958,0.76453,32.56,False
1629613239919,0.76156,39.27,True
1629613239919,0.76156,36.43,True
1629613239919,0.76156,30.97,True
1629613245603,0.76263,7.9,False
1629613263586,0.76283,360.0,False
1629613263586,0.76362,660.0,False
1629613263586,0.76448,417.71,False
1629613264226,0.76352,23.7,False
1629613264226,0.76352,28.53,False
1629613264226,0.76352,641.76,False
1629613264226,0.76278,39.27,False
1629613264226,0.76277,360.0,False
1629613273127,0.76138,23.74,True
1629613273127,0.76138,39.36,True
1629613273127,0.76138,36.47,True
1629613278662,0.76329,660.0,False
1629613278662,0.76348,360.0,False
1629613278662,0.76448,418.38,False
1629613305715,0.76322,36.48,False
1629613305715,0.76322,39.37,False
1629613305715,0.76322,31.01,False
1629613321222,0.76229,30.97,True
1629613393740,0.76131,36.48,True
1629613399006,0.76133,660.0,False
1629613399006,0.76328,459.22,False
1629613416384,0.762,660.0,True
1629613416384,0.76201,39.33,True
1629613416384,0.76201,36.48,True
1629613448198,0.76033,360.0,True
1629613480024,0.76115,660.0,True
1629613501156,0.76131,37.09,False
1629613521121,0.76144,106.78,False
1629613521121,0.76153,360.0,False
1629613521121,0.76163,655.29,False
1629613566018,0.76133,7.9,False
1629613632089,0.76132,30.97,False
1629613632089,0.76132,31.43,False
1629613632089,0.76132,36.48,False
1629613632113,0.76133,86.02,False
1629613632121,0.76133,130.6,False
1629613674429,0.76133,5.91,False
1629613705356,0.76209,6.57,False
1629613812836,0.76114,360.0,True
1629613812836,0.76109,561.9,True
1629613815337,0.7603,360.0,False
1629613815790,0.7603,360.0,False
1629613815790,0.7603,92.38,False
1629613815808,0.7603,322.8,False
1629613830867,0.76017,19.74,True
1629613831309,0.76017,19.74,True
1629613831667,0.76017,19.74,True
1629613832092,0.76017,25.56,True
1629613832742,0.76017,19.74,True
1629613833273,0.76017,19.74,True
1629613833923,0.76016,19.74,True
1629613889444,0.76174,16.39,False
1629613954238,0.75945,360.0,True
1629613954238,0.75944,300.0,True
1629613954452,0.75944,345.16,True
1629613954469,0.75944,345.27,True
1629613983416,0.75936,345.47,False
1629613985160,0.75987,660.0,True
1629614003223,0.76099,7.9,False
1629614004640,0.76091,7.21,False
1629614013362,0.76091,24.59,False
1629614013362,0.76099,47.68,False
1629614097963,0.76265,136.25,False
1629614097963,0.76312,330.0,False
1629614097963,0.76323,226.14,False
1629614097963,0.76532,584.23,False
1629614099451,0.76264,35.29,False
1629614101201,0.76498,32.56,False
1629614101223,0.76498,32.56,False
1629614119045,0.76051,307.99,True
1629614119045,0.76052,35.13,True
1629614119045,0.76052,7.76,True
1629614145947,0.76125,0.26,False
1629614145947,0.76125,35.13,False
1629614145947,0.76125,24.6,False
1629614146219,0.76126,32.35,False
1629614146601,0.76172,299.81,False
1629614149062,0.76053,1000.0,True
1629614149080,0.76162,329.5,False
1629614149538,0.76132,330.0,False
1629614149595,0.76136,129.64,False
1629614149658,0.76129,166.24,False
1629614150786,0.76127,49.42,False
1629614158847,0.76127,139.22,False
1629614163781,0.7605,2240.21,True
1629614174708,0.76119,68.48,False
1629614180632,0.76119,591.52,False
1629614180632,0.76233,241.34,False
1629614180632,0.76235,510.0,False
1629614180632,0.7627,254.53,False
1629614181809,0.76168,248.03,False
1629614181809,0.76167,51.77,False
1629614182788,0.76168,411.96,False
1629614186638,0.7627,160.92,False
1629614191137,0.76228,299.81,False
1629614346008,0.76394,15.86,True
1629614351693,0.76405,56.83,True
1629614681225,0.76315,330.0,True
1629614681225,0.76305,94.49,True
1629614681225,0.76295,19.41,True
1629614681225,0.7626,3423.52,True
1629614681225,0.76259,6187.5,True
1629614681225,0.76239,18562.5,True
1629614681225,0.76115,470.0,True
1629614681225,0.76111,490.0,True
1629614681225,0.76107,360.0,True
1629614681225,0.76105,360.0,True
1629614681225,0.76091,610.0,True
1629614681225,0.76088,610.0,True
1629614682505,0.76,330.0,False
1629614682505,0.76,3477.73,False
1629614682505,0.76,50.86,False
1629614683134,0.76,660.0,False
1629614683134,0.76,330.0,False
1629614683134,0.76,660.0,False
1629614683307,0.76,330.0,False
1629614683449,0.76,660.0,False
1629614686318,0.7554,130.83,True
1629614686636,0.75989,130.11,False
1629614686745,0.75987,7.98,False
1629614689038,0.75926,26.08,False
1629614689038,0.75926,26.29,False
1629614689038,0.75926,26.47,False
1629614689077,0.75926,9.99,False
1629614689077,0.75915,330.0,False
1629614698628,0.76,365.47,False
1629614704810,0.76,480.29,False
1629614707872,0.76,187.28,False
1629614709935,0.76,480.87,False
1629614711469,0.76,1516.31,False
1629614716734,0.75808,34.06,True
1629614716734,0.75808,26.6,True
1629614719008,0.76,362.96,False
1629614719143,0.76,255.99,False
1629614726553,0.76,1415.77,False
1629614729677,0.76,1596.25,False
1629614729871,0.75755,34.31,True
1629614733088,0.76,201.42,False
1629614742162,0.76,309.43,False
1629614742822,0.76,3044.24,False
1629614751237,0.76,185.3,False
1629614751948,0.76,3041.84,False
1629614755798,0.7599,26.61,False
1629614755798,0.7599,34.06,False
1629614755798,0.7599,34.32,False
1629614756315,0.75994,129.98,False
1629614767138,0.76,2563.12,False
1629614772528,0.75912,1000.0,True
1629614772543,0.75913,26.62,True
1629614781880,0.75935,130.03,False
1629614782126,0.75946,26.62,False
1629614782126,0.75946,34.37,False
1629614782126,0.75946,34.1,False
1629614785339,0.76,1681.51,False
1629614785555,0.75618,200.25,False
1629614793959,0.75954,26.62,False
1629614793959,0.75953,51.49,False
1629614793959,0.75953,51.88,False
1629614794375,0.75954,78.85,False
1629614794375,0.75953,51.14,False
1629614794560,0.75954,129.99,False
1629614794791,0.75954,129.99,False
1629614795634,0.75954,27.11,False
1629614795634,0.75953,102.88,False
1629614796271,0.75952,129.99,False
1629614797426,0.76,1602.37,False
1629614802607,0.75946,481.0,False
1629614803410,0.75941,457.3,False
1629614812502,0.75937,1766.09,False
1629614813149,0.75937,796.2,False
1629614813149,0.75937,660.0,False
1629614813155,0.75937,1959.93,False
1629614824659,0.76,1523.87,False
1629614832562,0.75831,1000.0,True
1629614840803,0.76,963.28,False
1629614857866,0.75926,137.87,True
1629614862583,0.75925,1000.0,True
1629614914262,0.76,962.59,False
1629614986922,0.76,660.0,False
1629614986922,0.76,330.0,False
1629614986922,0.76,660.0,False
1629614987046,0.76,990.0,False
1629614987046,0.76,1386.33,False
1629614987128,0.76,629.35,False
1629614987432,0.76,95.14,False
1629614987432,0.76,154.56,False
1629614987541,0.76,127.92,False
1629615012949,0.76216,1000.0,True
1629615014523,0.76029,36.24,True
1629615014523,0.76029,27.01,True
1629615014523,0.76029,34.37,True
1629615082840,0.7587,14.13,False
1629615083198,0.75866,129.99,False
1629615083775,0.75865,27.01,False
1629615083775,0.75865,34.37,False
1629615083775,0.75865,36.24,False
1629615084466,0.75865,38.26,False
1629615084466,0.75865,51.73,False
1629615084918,0.75865,47.21,False
1629615084918,0.75865,12.77,False
1629615084921,0.75865,4.15,False
1629615085524,0.75866,59.99,False
1629615086136,0.75866,129.99,False
1629615086782,0.75866,59.99,False
1629615090996,0.75866,129.99,False
1629615091184,0.75866,21.44,False
1629615092197,0.7587,129.99,False
1629615092239,0.7587,515.87,False
1629615092464,0.75902,129.93,False
1629615092480,0.75902,1140.06,False
1629615092773,0.76164,129.48,False
1629615093165,0.76156,129.5,False
1629615193246,0.76,55.38,False
1629615193254,0.76021,1000.0,True
1629615229793,0.76078,26.6,False
1629615286364,0.76135,599.92,False
1629615286404,0.76135,1784.24,False
1629615286416,0.76135,58.51,False
1629615301184,0.76244,32.61,False
1629615305338,0.76231,360.0,False
1629615331054,0.76243,59.36,False
1629615433650,0.76292,39.78,False
1629615438287,0.76295,26.65,False
1629615438741,0.76296,209.43,False
1629615439380,0.76296,62.51,False
1629615439676,0.76296,18.72,False
1629615445891,0.76295,17.85,False
1629615474675,0.76295,11.96,False
1629615477852,0.76215,14.94,True
1629615536791,0.7642,1066.93,False
1629615536791,0.7642,660.0,False
1629615536791,0.7641,8.02,False
1629615588893,0.76361,51.63,False
1629615631914,0.76166,66.0,True
1629615667261,0.76166,660.0,True
1629615696732,0.76208,202.32,False
1629615696939,0.76218,60.6,False
1629615697404,0.76218,18.12,False
1629615729460,0.76218,500.0,False
1629615735526,0.76222,31.91,True
1629615847631,0.76244,87.94,False
1629615847899,0.7624,26.33,False
1629615860840,0.7624,13.12,False
1629615866159,0.7624,277.42,False
1629615866182,0.7624,93.78,False
1629615868885,0.7628,27.51,False
1629615888807,0.7628,98.0,False
1629615888838,0.76105,216.61,True
1629615968763,0.76219,18.69,False
1629616002505,0.76,26.31,True
1629616002505,0.76102,80.94,True
1629616002505,0.75965,42.61,True
1629616002505,0.75964,1000.0,True
1629616002505,0.75943,50.0,True
1629616002505,0.75777,565.65,True
1629616011793,0.76219,305.4,False
1629616011800,0.7622,400.0,False
1629616011925,0.76223,215.36,False
1629616011933,0.76223,500.0,False
1629616012072,0.76223,776.95,False
1629616012097,0.76223,447.44,False
1629616013615,0.76106,23.58,True
1629616017244,0.76195,283.53,False
1629616017353,0.76195,85.0,False
1629616018510,0.76195,25.26,False
1629616036191,0.76103,130.01,False
1629616036216,0.76103,45.54,False
1629616036699,0.76103,130.01,False
1629616036724,0.76103,52.62,False
1629616037045,0.76103,15.74,False
1629616037980,0.76109,129.99,False
1629616038005,0.76109,43.69,False
1629616038477,0.76109,129.99,False
1629616038492,0.76109,52.05,False
1629616039241,0.76109,15.52,False
1629616039894,0.76109,129.99,False
1629616039924,0.76109,43.63,False
1629616040329,0.76106,129.99,False
1629616040351,0.76106,52.04,False
1629616040666,0.76106,15.58,False
1629616041240,0.76106,129.98,False
1629616041263,0.76106,43.64,False
1629616041888,0.76106,129.99,False
1629616041914,0.76106,52.03,False
1629616044757,0.76106,15.25,False
1629616051519,0.75943,23.46,True
1629616051762,0.75943,26.54,True
1629616077350,0.75915,612.63,True
1629616110745,0.76081,150.98,False
1629616110871,0.76081,45.25,False
1629616111170,0.76081,13.55,False
1629616249996,0.76337,26.47,False
1629616320987,0.76117,250.0,True
1629616395320,0.76117,150.0,True
1629616491969,0.7602,26.92,True
1629616501880,0.76176,32.49,False
1629616501899,0.76176,32.49,False
1629616646585,0.75974,28.69,False
1629616646585,0.75974,31.3,False
1629616647034,0.75975,660.0,False
1629616677662,0.76215,142.53,False
1629616677662,0.76214,23.58,False
1629616678203,0.76215,42.58,False
1629616697744,0.76113,29.37,True
1629616697744,0.76113,31.46,True
1629616697744,0.76113,24.24,True
1629616748363,0.76064,34.0,True
1629616757651,0.7606,22.0,True
1629616801054,0.76255,31.46,False
1629616801054,0.76256,8.5,False
1629616801072,0.76256,32.5,False
1629616886258,0.76217,19.27,False
1629616900382,0.76082,981.34,True
1629616907353,0.76199,282.7,False
1629616907454,0.76199,84.75,False
1629616908014,0.76199,25.32,False
1629616920505,0.76082,200.0,True
1629616920648,0.7616,66.78,False
1629616921004,0.7616,19.99,False
1629616924111,0.7616,2205.46,False
1629616924111,0.7616,321.08,False
1629616924115,0.7616,500.0,False
1629616933296,0.76246,757.55,False
1629616981217,0.76153,246.91,True
1629616984007,0.76055,18.93,True
1629616984007,0.76153,413.09,True
1629616984007,0.76043,1000.0,True
1629616984007,0.75979,6187.5,True
1629616984007,0.75962,10126.0,True
1629616984007,0.75935,18562.5,True
1629616984007,0.7576,445.68,True
1629616984007,0.75759,610.3,True
1629616985096,0.76153,413.09,True
1629616985120,0.76156,400.0,True
1629616985288,0.7577,46.13,True
1629616985288,0.75778,400.0,True
1629617027960,0.75793,523.33,True
1629617028051,0.75756,512.04,True
1629617030692,0.757,26.71,True
1629617030692,0.757,6004.85,True
1629617030692,0.75721,660.0,True
1629617030692,0.75619,308.44,True
1629617037881,0.75721,660.0,True
1629617060071,0.75822,25.85,False
1629617060323,0.75815,400.0,False
1629617060411,0.75815,286.58,False
1629617062070,0.75869,304.49,False
1629617070117,0.75873,968.5,False
1629617094701,0.76051,34.55,False
1629617094701,0.76051,32.59,False
1629617094701,0.76051,24.24,False
1629617094701,0.76051,31.46,False
1629617105199,0.76037,1000.0,True
1629617165363,0.76,1000.0,True
1629617195351,0.76,1000.0,True
1629617225376,0.76,500.0,True
1629617276152,0.76106,5.0,True
1629617276152,0.76106,24.9,True
1629617288244,0.76137,657.78,True
1629617302911,0.76054,400.0,True
1629617302911,0.76053,13.83,True
1629617347937,0.76137,120.02,True
1629617348973,0.76137,35.71,True
1629617455510,0.76258,98.17,False
1629617455538,0.76141,33.86,True
1629617456604,0.76137,1077.98,True
1629617563542,0.76156,413.8,False
1629617563572,0.76164,10.0,False
1629617705939,0.76257,10.24,False
1629617709483,0.76058,11.18,True
1629617737031,0.76256,506.98,False
1629617786107,0.76096,31.72,True
1629617786107,0.76096,33.79,True
1629617789134,0.76212,209.26,False
1629617793112,0.76212,4.27,False
1629617865068,0.76084,23.74,True
1629618012466,0.76259,2671.57,False
1629618143754,0.76128,20.41,True
1629618243011,0.76223,646.79,False
1629618249130,0.76043,486.87,True
1629618277114,0.76223,577.37,False
1629618296297,0.75972,31.78,True
1629618435977,0.76191,30.82,False
1629618501253,0.76009,20.0,True
1629618531368,0.76187,32.31,False
1629618535781,0.76009,350.0,True
1629618549112,0.7606,47.64,True
1629618549120,0.7606,612.36,True
1629618569880,0.7606,166.62,True
1629618569940,0.7606,660.0,True
1629618570236,0.7606,247.41,True
1629618585423,0.76137,7.9,False
1629618600627,0.76102,107.29,False
1629618620532,0.7606,417.0,True
1629618622663,0.7606,660.0,True
1629618629840,0.7606,600.32,True
1629618629849,0.7606,59.68,True
1629618631031,0.7606,660.0,True
1629618639033,0.76082,608.24,True
1629618729466,0.76029,85.9,False
1629618729784,0.76025,25.71,False
1629618734870,0.76025,7.9,False
1629618802321,0.76025,7.9,False
1629618802330,0.76025,1418.35,False
1629618802330,0.76025,1233.7,False
1629618802341,0.76025,420.22,False
1629618802341,0.76025,1315.43,False
1629618867531,0.76029,400.0,False
1629618867677,0.76038,532.69,False
1629618868579,0.76038,158.64,False
1629618868917,0.76038,47.47,False
1629618897965,0.76038,129.87,False
1629618897988,0.76038,50.14,False
1629618898888,0.76038,14.93,False
1629618904597,0.76012,7.9,False
1629618904818,0.76,2712.86,True
1629618905827,0.75916,130.07,False
1629618906838,0.75919,1237.19,False
1629618969975,0.75862,1000.0,True
1629619037067,0.76002,1000.0,True
1629619052888,0.76002,1158.85,True
1629619068264,0.76002,17.37,True
1629619084118,0.76087,22.55,False
1629619189418,0.75963,845.55,True
1629619249453,0.7596,1000.0,False
1629619401420,0.76052,1000.0,True
1629619413517,0.75763,523.33,True
1629619413517,0.75775,400.0,True
1629619413530,0.75876,12.14,False
1629619501214,0.75937,7.9,False
1629619503207,0.75937,100.0,False
1629619512143,0.75913,69.98,False
1629619512694,0.75864,70.03,False
1629619513629,0.75829,17.76,False
1629619514024,0.75585,660.0,True
1629619514024,0.75582,400.0,True
1629619514024,0.75571,660.0,True
1629619514024,0.75431,280.0,True
1629619514057,0.7581,70.01,False
1629619514552,0.75796,34.33,False
1629619515776,0.75818,298.25,False
1629619518299,0.75674,400.0,True
1629619519578,0.75799,130.03,False
1629619520022,0.75774,130.07,False
1629619520435,0.7575,31.68,False
1629619520435,0.7575,24.9,False
1629619521154,0.75735,400.0,False
1629619521476,0.75735,130.01,False
1629619521953,0.75795,19.97,False
1629619522549,0.75792,19.97,False
1629619523421,0.75788,60.0,False
1629619566472,0.75791,132.04,False
1629619580236,0.75678,1000.0,True
1629619580236,0.75417,42.47,True
1629619580706,0.75678,1000.0,True
1629619603687,0.75785,7.9,False
1629619657547,0.75737,9.27,False
1629619660249,0.75733,197.34,False
1629619660249,0.75732,36.22,False
1629619660360,0.75733,59.16,False
1629619660855,0.75732,17.68,False
1629619680192,0.75732,58.98,False
1629619680192,0.75731,28.09,False
1629619680192,0.75731,42.92,False
1629619680740,0.75733,69.99,False
1629619681221,0.75733,69.99,False
1629619682059,0.75733,389.99,False
1629619682500,0.75733,199.07,False
1629619682500,0.75733,190.91,False
1629619683609,0.75733,40.92,False
1629619684033,0.75733,59.99,False
1629619685179,0.75733,149.99,False
1629619685890,0.75733,0.01,False
1629619700825,0.75617,500.0,True
1629619716512,0.75797,960.6,False
1629619821111,0.75946,1000.0,True
1629619881152,0.75943,1000.0,True
1629619884521,0.7606,2235.0,False
1629619884991,0.7606,1574.9,False
1629619884991,0.7606,660.0,False
1629619911203,0.75943,1000.0,True
1629619926176,0.7606,52.26,False
1629619931417,0.7606,261.51,False
1629620005735,0.76075,253.31,False
1629620006567,0.76075,253.31,False
1629620006608,0.76075,453.52,False
1629620007062,0.76241,148.11,False
1629620007204,0.76241,239.2,False
1629620063606,0.76196,78.45,False
1629620139482,0.76244,12.41,False
1629620140456,0.76084,262.2,True
1629620169743,0.76135,396.11,False
1629620170670,0.76135,263.89,False
1629620170732,0.76139,2874.68,False
1629620170732,0.76139,660.0,False
1629620171430,0.76158,262.77,False
1629620171667,0.76141,798.2,False
1629620171667,0.76141,660.0,False
1629620204677,0.76167,18.69,False
1629620204677,0.76167,32.18,False
1629620204689,0.76051,145.34,True
1629620206029,0.76168,163.37,False
1629620207073,0.76168,264.47,False
1629620220962,0.76249,91.53,False
1629620250307,0.76301,260.87,False
1629620250307,0.76301,660.0,False
1629620343624,0.7612,8.53,False
1629620359353,0.76092,362.05,False
1629620359916,0.76088,362.06,False
1629620360391,0.76088,85.04,False
1629620362025,0.76084,169.61,False
1629620363702,0.76076,526.16,False
1629620364065,0.76076,133.84,False
1629620364065,0.7596,337.27,True
1629620364478,0.75963,381.06,True
1629620364664,0.75963,114.17,True
1629620365057,0.75963,30.94,True
1629620365254,0.7608,357.63,False
1629620365313,0.7608,54.23,False
1629620365611,0.7608,54.23,False
1629620365634,0.7596,182.68,True
1629620365940,0.7608,41.46,False
1629620365940,0.7608,193.91,False
1629620365965,0.7596,67.11,True
1629620366113,0.7596,20.11,True
1629620366245,0.76077,325.18,False
1629620366272,0.7596,103.58,True
1629620366557,0.76077,308.47,False
1629620366581,0.7596,97.63,True
1629620366888,0.76077,26.35,False
1629620366912,0.75961,62.97,True
1629620367164,0.75961,18.85,True
1629620367353,0.75961,84.07,True
1629620367444,0.75961,86.62,True
1629620367918,0.76054,365.5,False
1629620368220,0.76054,294.5,False
1629620368254,0.7594,117.11,True
1629620369012,0.76051,266.22,False
1629620374190,0.75797,309.8,True
1629620374266,0.75797,90.2,True
1629620379160,0.75982,132.0,False
1629620379168,0.75982,131.0,False
1629620385718,0.75765,392.83,True
1629620385718,0.75766,7.17,True
1629620386046,0.75957,132.0,False
1629620386084,0.75957,131.0,False
1629620434953,0.75806,131.83,True
1629620435095,0.75806,528.17,True
1629620435279,0.75805,92.28,True
1629620435370,0.7592,91.48,False
1629620435458,0.75805,567.72,True
1629620435795,0.75808,15.65,True
1629620436224,0.75808,146.67,True
1629620436638,0.75808,258.05,True
1629620437061,0.75808,206.05,True
1629620437460,0.75808,33.58,True
1629620437544,0.75922,43.44,False
1629620438288,0.75809,19.84,True
1629620438694,0.75813,156.46,True
1629620439102,0.75813,263.27,True
1629620439510,0.75819,239.53,True
1629620439528,0.75819,420.47,True
1629620439922,0.75784,108.05,True
1629620440057,0.75784,53.32,True
1629620440810,0.75933,66.57,False
1629620441719,0.75817,38.25,True
1629620442131,0.75781,473.65,True
1629620442555,0.75781,186.35,True
1629620460471,0.75895,57.43,False
1629620468542,0.75931,130.01,False
1629620490263,0.75804,3.23,True
1629620490263,0.75805,49.99,True
1629620490263,0.75805,47.36,True
1629620490987,0.75804,129.32,True
1629620491373,0.75804,129.32,True
1629620491807,0.75788,130.57,True
1629620511662,0.75838,46.77,True
1629620518438,0.75875,200.11,False
1629620518438,0.75874,7.17,False
1629620518466,0.75875,199.89,False
1629620560438,0.75875,496.11,False
1629620713140,0.7599,7.9,False
1629620720020,0.76071,22.73,False
1629620720329,0.7605,8.51,False
1629620720620,0.7605,7.9,False
1629620855808,0.75801,501.2,True
1629620855808,0.75625,498.8,True
1629620948703,0.75815,84.98,False
1629620949039,0.75815,91.43,False
1629620949408,0.75815,11.23,False
1629620955818,0.75828,49.68,False
1629621001920,0.75808,7.9,False
1629621020448,0.75609,660.0,True
1629621021828,0.75712,113.45,False
1629621022076,0.75712,385.25,False
1629621023162,0.75721,59.98,False
1629621138303,0.75749,14.11,False
1629621138587,0.75749,7.99,False
1629621148084,0.75746,59.99,False
1629621148678,0.75746,59.99,False
1629621152121,0.75746,355.28,False
1629621167697,0.75807,19.96,False
1629621176607,0.75912,59.71,False
1629621330867,0.75707,267.75,True
1629621354020,0.75893,400.0,False
1629621354079,0.75896,48.33,False
1629621354704,0.75972,52.99,False
1629621355381,0.7598,79.89,False
1629621355791,0.7598,59.99,False
1629621356412,0.76102,59.89,False
1629621419130,0.75991,59.98,False
1629621476750,0.76015,105.83,False
1629621477038,0.76015,31.68,False
1629621532264,0.75864,42.18,True
1629621657749,0.75971,194.09,True
1629621666973,0.76122,201.43,False
1629621666973,0.76122,400.0,False
1629621719355,0.76142,199.98,False
1629621720034,0.76142,259.98,False
1629621720675,0.76142,259.98,False
1629621741602,0.76164,199.99,False
1629621742318,0.76164,199.99,False
1629621743960,0.76159,200.01,False
1629621756059,0.76153,309.0,False
1629621777671,0.7612,59.99,False
1629621794380,0.76085,660.0,False
1629621869067,0.75924,144.94,True
1629621870502,0.7635,6.68,False
1629621870502,0.76069,400.0,False
1629621870502,0.7607,3154.0,False
1629621870502,0.76388,2068.38,False
1629621870502,0.76389,2442.67,False
1629621870502,0.76391,680.0,False
1629621870502,0.76432,816.85,False
1629621870502,0.76487,560.0,False
1629621870502,0.76531,486.81,False
1629621871168,0.76069,400.0,False
1629621874040,0.76141,32.52,True
1629621874040,0.76141,34.01,True
1629621874040,0.76141,28.64,True
1629621875393,0.76449,26.19,False
1629621899570,0.76416,101.54,False
1629621899570,0.76417,3421.23,False
1629621899744,0.76416,28.64,False
1629621899744,0.76416,34.01,False
1629621899744,0.76416,38.89,False
1629621900953,0.76162,9.21,True
1629621903980,0.76181,44.9,True
timestamp,price,size,isBuyerMaker
timestamp,price,size,isBuyerMaker
1630030307223,0.5886,250.0,False
1630030307223,0.589,137.2,False
1630030307223,0.5883,810.0,False
1630030307223,0.58864,370.0,False
1630030307223,0.59005,131.71,False
1630030344055,0.59003,114.79,False
1630030344055,0.58901,810.0,False
1630030344055,0.58895,370.0,False
1630030344055,0.58894,17.01,False
1630030352512,0.58832,8.57,True
1630030375582,0.59003,810.0,False
1630030375582,0.59006,810.0,False
1630030375582,0.59138,47.06,False
1630030375582,0.59139,27.55,False
1630030376975,0.59003,810.0,False
1630030378454,0.5892,12.55,True
1630030428924,0.58962,50.0,True
1630030433388,0.58952,50.0,True
1630030435616,0.59052,810.0,False
1630030435686,0.59001,388.11,True
1630030437470,0.59001,8.99,True
1630030438867,0.59001,80.02,True
1630030439814,0.59003,80.02,True
1630030443270,0.59003,80.02,True
1630030449100,0.59003,50.0,True
1630030451682,0.58925,25.62,True
1630030456883,0.58911,50.0,True
1630030461189,0.59024,810.0,False
1630030463847,0.59003,338.75,True
1630030466397,0.5916,466.84,False
1630030467149,0.59096,274.0,True
1630030467149,0.59097,810.0,True
1630030468518,0.59072,32.79,True
1630030470027,0.59047,80.02,True
1630030490330,0.59182,100.05,False
1630030494565,0.59147,279.93,True
1630030494565,0.59148,20.14,True
1630030494565,0.59148,16.88,True
1630030494565,0.59148,21.12,True
1630030526346,0.5913,186.64,True
1630030526346,0.5913,63.6,True
1630030526349,0.59106,43.57,True
1630030526365,0.5913,50.0,True
1630030539074,0.59201,600.23,False
1630030540849,0.59064,76.59,True
1630030540857,0.59064,25.41,True
1630030556484,0.59155,1000.0,False
1630030556926,0.59218,318.1,False
1630030562550,0.59126,10.7,True
1630030563664,0.59126,50.0,True
1630030581041,0.59126,509.2,True
1630030590229,0.59126,288.0,True
1630030590229,0.59126,50.0,True
1630030590250,0.59126,50.0,True
1630030649893,0.59139,337.92,True
1630030650403,0.59139,262.58,True
1630030650403,0.59077,237.42,True
1630030650635,0.59077,75.34,True
1630030650635,0.59139,212.58,True
1630030650635,0.59139,50.0,True
1630030651423,0.59077,50.0,True
1630030655210,0.593,136.26,False
1630030655210,0.59194,58.14,False
1630030655210,0.59196,810.0,False
1630030655210,0.5931,49.96,False
1630030655210,0.59311,633.37,False
1630030682535,0.59027,50.0,True
1630030682538,0.59026,531.01,True
1630030682538,0.59026,374.08,True
1630030682538,0.59026,520.39,True
1630030682560,0.59026,50.0,True
1630030684495,0.59115,193.98,False
1630030684495,0.59113,16.88,False
1630030684495,0.59113,20.14,False
1630030684495,0.59113,21.12,False
1630030743661,0.59056,563.25,False
1630030749943,0.59082,810.0,False
1630030749943,0.59084,882.53,False
1630030788172,0.5918,810.0,False
1630030833825,0.59078,61.46,True
1630030856122,0.59169,466.22,False
1630030856122,0.59091,810.0,False
1630030856250,0.59088,385.35,False
1630030856263,0.59088,61.47,False
1630030865814,0.59135,810.0,False
1630030865814,0.59137,370.0,False
1630030865814,0.59138,511.0,False
1630030866683,0.59125,511.0,False
1630030866683,0.59125,370.0,False
1630030866683,0.59123,810.0,False
1630030885127,0.59009,415.1,True
1630030885127,0.59009,50.0,True
1630030885171,0.59009,50.0,True
1630030950332,0.59093,50.0,True
1630030950332,0.59093,614.22,True
1630030951081,0.592,535.7,False
1630030951081,0.59223,810.0,False
1630030951081,0.59225,339.01,False
1630030959846,0.59088,22.14,True
1630030959846,0.59088,19.08,True
1630030993105,0.59232,22.14,False
1630030993105,0.59233,810.0,False
1630030993105,0.59327,370.0,False
1630030993105,0.59333,318.32,False
1630030993105,0.5936,166.3,False
1630030993714,0.5936,166.24,False
1630030993714,0.59333,318.32,False
1630030993714,0.59327,370.0,False
1630030993714,0.59233,810.0,False
1630030993714,0.59232,22.14,False
1630030993736,0.5923,810.0,False
1630031030946,0.5922,0.93,True
1630031030946,0.5922,22.1,True
1630031043222,0.59237,58.0,True
1630031043466,0.59237,32.0,True
1630031043951,0.59244,224.5,True
1630031045620,0.5924,14.32,True
1630031048385,0.5924,410.62,True
1630031049126,0.5924,50.0,True
1630031075296,0.59208,50.0,True
1630031075296,0.59208,810.0,True
1630031075815,0.59295,36.0,False
1630031077041,0.59274,134.41,True
1630031077230,0.59275,23.02,True
1630031077336,0.59274,24.13,True
1630031077627,0.59274,60.9,True
1630031077649,0.59274,25.49,True
1630031081256,0.59277,810.0,True
1630031081256,0.59274,615.07,True
1630031081256,0.59186,214.93,True
1630031082229,0.594,1309.75,False
1630031082236,0.59401,628.23,False
1630031082252,0.59401,1814.44,False
1630031082511,0.59296,20.0,True
1630031083622,0.59349,94.67,True
1630031087928,0.59343,18.07,True
1630031090865,0.59335,50.0,True
1630031092649,0.59428,79.97,False
1630031094706,0.59428,159.99,False
1630031095213,0.59424,160.0,False
1630031095920,0.59424,159.98,False
1630031096526,0.59433,159.96,False
1630031097351,0.59289,810.0,True
1630031097351,0.59273,50.0,True
1630031097351,0.59254,165.13,True
1630031097351,0.59191,1046.82,True
1630031115443,0.59352,50.0,True
1630031115443,0.59318,370.0,True
1630031115443,0.59315,823.99,True
1630031134006,0.59353,18.96,True
1630031174208,0.59354,50.0,True
1630031174283,0.59354,50.0,True
1630031177574,0.59355,2000.0,True
1630031190664,0.59365,12.77,True
1630031193051,0.5937,17.92,True
1630031193059,0.59376,54.09,True
1630031193109,0.59376,18.0,True
1630031194730,0.59379,370.0,True
1630031194730,0.59374,810.0,True
1630031194730,0.59373,63.55,True
1630031195151,0.59391,461.0,True
1630031212881,0.59229,1449.4,True
1630031240161,0.59268,931.78,True
1630031245569,0.5943,50.0,True
1630031276732,0.59446,657.0,False
1630031286948,0.59377,50.0,True
1630031286948,0.59377,810.0,True
1630031286948,0.59377,370.0,True
1630031292694,0.59472,50.0,False
1630031292694,0.596,135.56,False
1630031292694,0.59513,1180.0,False
1630031292694,0.59519,1309.75,False
1630031292694,0.59526,1088.0,False
1630031292694,0.59696,50.0,False
1630031292694,0.59744,124.88,False
1630031292694,0.59745,316.12,False
1630031292694,0.59771,780.82,False
1630031292953,0.59512,810.0,False
1630031292953,0.59512,370.0,False
1630031293982,0.59771,905.68,False
1630031293982,0.59745,316.12,False
1630031293982,0.59696,50.0,False
1630031293982,0.59525,1088.0,False
1630031295663,0.59472,13.89,True
1630031301454,0.59486,35.0,True
1630031301595,0.59486,20.0,True
1630031311046,0.59486,755.0,True
1630031311046,0.59483,1000.53,True
1630031313330,0.59638,1230.07,False
1630031313346,0.59638,79.68,False
1630031314112,0.5956,772.0,True
1630031314661,0.5956,38.0,True
1630031316347,0.59557,80.02,True
1630031317088,0.59557,335.55,True
1630031326129,0.59572,656.9,True
1630031326129,0.59569,810.0,True
1630031326129,0.59557,89.65,True
1630031326129,0.59476,163.0,True
1630031326129,0.59446,126.93,True
1630031326129,0.5939,217.5,True
1630031335199,0.59569,810.0,True
1630031335199,0.59476,163.0,True
1630031335199,0.59395,677.13,True
1630031352064,0.59574,89.65,True
1630031353462,0.59693,160.54,False
1630031353462,0.59691,22.1,False
1630031368371,0.59665,22.5,False
1630031368371,0.59665,590.21,False
1630031368372,0.59665,387.29,False
1630031398743,0.59659,1000.0,False
1630031413788,0.59718,355.02,False
1630031414620,0.59639,929.25,True
1630031414740,0.5964,65.99,True
1630031415679,0.5964,26.05,True
1630031426756,0.59639,928.26,True
1630031438889,0.59639,1441.83,True
1630031447366,0.5964,50.0,True
1630031447391,0.5964,105.61,True
1630031466979,0.59596,54.43,True
1630031489732,0.59634,760.83,False
1630031489891,0.5969,227.96,False
1630031490353,0.59584,185.0,True
1630031494983,0.59605,18.85,True
1630031495016,0.59479,500.0,False
1630031495032,0.59479,5860.86,False
1630031495032,0.59479,3500.0,False
1630031495041,0.59479,1580.18,False
1630031495044,0.59479,1193.51,False
1630031498745,0.59436,99.44,True
1630031504676,0.59419,370.0,True
1630031504754,0.59413,130.0,True
1630031504754,0.59419,370.0,True
1630031504811,0.59401,280.61,True
1630031511946,0.59396,130.0,True
1630031511946,0.59396,370.0,True
1630031511971,0.59396,528.88,True
1630031511971,0.59396,348.88,True
1630031511971,0.59396,151.12,True
1630031511985,0.59398,311.98,True
1630031513388,0.59352,144.93,True
1630031513388,0.59352,370.0,True
1630031513398,0.59352,150.14,True
1630031513417,0.59352,514.93,True
1630031514954,0.59336,810.0,True
1630031515575,0.5946,160.02,False
1630031516193,0.59459,98.15,False
1630031516193,0.59457,23.95,False
1630031516193,0.59457,18.85,False
1630031516193,0.59457,19.08,False
1630031516744,0.59459,6.87,False
1630031522501,0.59461,159.99,False
1630031522525,0.59318,356.43,True
1630031522629,0.59318,160.0,True
1630031523046,0.5943,160.07,False
1630031527697,0.59381,8.51,False
1630031542826,0.59327,810.0,False
1630031546324,0.593,134.82,True
1630031547061,0.59267,160.05,False
1630031547762,0.59267,72.14,False
1630031550024,0.59255,700.0,True
1630031550045,0.59213,1000.0,False
1630031577073,0.5919,250.0,True
1630031579140,0.59169,461.0,False
1630031586611,0.5902,160.0,True
1630031586621,0.59018,161.47,True
1630031586621,0.59018,160.0,True
1630031588702,0.59117,34.94,False
1630031616130,0.59017,136.0,False
1630031616130,0.5901,370.0,False
1630031616709,0.5901,12.84,False
1630031617805,0.59017,674.0,False
1630031617805,0.591,367.72,False
1630031620589,0.59,135.56,True
1630031620589,0.59,135.66,True
1630031621720,0.58945,16.16,False
1630031621720,0.58945,19.04,False
1630031621720,0.58945,19.38,False
1630031630052,0.58757,1309.75,True
1630031630052,0.58759,186.11,True
1630031630052,0.58759,16.34,True
1630031630052,0.58759,19.62,True
1630031630052,0.58759,19.25,True
1630031630066,0.58847,236.7,False
1630031630071,0.58847,3074.7,False
1630031630079,0.58847,2000.0,False
1630031630098,0.58847,2737.68,False
1630031630098,0.58847,774.05,False
1630031630098,0.58847,247.76,False
1630031630099,0.58847,1500.0,False
1630031630107,0.58847,124.04,False
1630031639715,0.5893,10.69,False
1630031641143,0.58916,810.0,False
1630031641885,0.58912,810.0,False
1630031641885,0.58912,370.0,False
1630031642535,0.58913,370.0,False
1630031643773,0.58916,810.0,False
1630031645548,0.58835,26.9,True
1630031645560,0.58942,810.0,False
1630031647206,0.58786,370.0,True
1630031648765,0.58762,370.0,True
1630031648784,0.58755,500.0,True
1630031648814,0.58755,535.7,True
1630031648826,0.58755,500.0,True
1630031648835,0.58755,500.0,True
1630031648855,0.58755,500.0,True
1630031648876,0.58755,464.3,True
1630031649039,0.58856,370.0,False
1630031649223,0.58872,810.0,False
1630031650180,0.58782,24.84,True
1630031650247,0.58918,370.0,False
1630031650433,0.58924,16.34,False
1630031650433,0.58924,19.62,False
1630031650433,0.58924,19.25,False
1630031650724,0.5892,10.53,False
1630031650945,0.58924,252.84,False
1630031651367,0.58924,75.61,False
1630031651517,0.58924,22.65,False
1630031672725,0.58845,19.73,True
1630031698596,0.591,136.63,False
1630031698596,0.59108,67.76,False
1630031703726,0.59106,204.33,False
1630031705716,0.58943,105.55,True
1630031705860,0.58918,2.93,True
1630031705860,0.58918,16.45,True
1630031705860,0.58918,16.45,True
1630031710889,0.59095,2999.99,False
1630031710889,0.59069,810.0,False
1630031710889,0.59052,370.0,False
1630031710889,0.59052,51.45,False
1630031710897,0.59015,2804.28,True
1630031723989,0.59,204.34,True
1630031846508,0.59032,500.0,True
1630031846721,0.59032,70.11,True
1630031846721,0.59032,43.3,True
1630031892779,0.59028,5.12,False
1630031892779,0.59028,19.38,False
1630031894884,0.59,1180.0,True
1630031894955,0.59,31.06,True
1630031917335,0.59,22.57,True
1630031957614,0.58835,50.0,True
1630031957643,0.58833,500.0,True
1630031957643,0.58833,500.0,True
1630031957643,0.58833,211.1,True
1630031957672,0.58833,50.0,True
1630031968197,0.58827,19.76,True
1630031968841,0.58869,48.19,False
1630031995806,0.58764,160.0,True
1630031995826,0.58852,589.8,False
1630031996129,0.58852,556.0,False
1630032000363,0.58852,1315.62,False
1630032000394,0.58852,1155.34,False
1630032006339,0.5881,130.01,True
1630032006339,0.5881,160.0,True
1630032026066,0.58944,90.0,True
1630032032467,0.58925,50.0,True
1630032090357,0.58953,681.1,True
1630032090451,0.58953,50.0,True
1630032090451,0.58953,128.9,True
1630032090475,0.58955,810.0,True
1630032090594,0.58791,275.4,True
1630032118191,0.59028,275.4,False
1630032138715,0.58992,423.15,False
1630032152240,0.58883,160.0,True
1630032152240,0.58883,68.88,True
1630032152240,0.58883,160.0,True
1630032152243,0.58881,445.7,True
1630032179882,0.58937,810.0,False
1630032200946,0.58847,173.05,True
1630032200953,0.58847,4921.07,True
1630032200965,0.58847,50.0,True
1630032200965,0.58847,696.03,True
1630032201384,0.5894,193.53,False
1630032202322,0.5894,19.73,False
1630032202322,0.5894,11.33,False
1630032202322,0.5894,19.77,False
1630032215744,0.58925,203.18,False
1630032215744,0.58925,370.0,False
1630032215933,0.58923,370.0,False
1630032215941,0.58927,905.3,False
1630032218672,0.58974,300.09,False
1630032218672,0.58971,370.0,False
1630032240441,0.59042,605.35,False
1630032245464,0.58918,333.03,True
1630032245506,0.58918,110.86,True
1630032245529,0.58918,50.0,True
1630032255572,0.589,50.0,True
1630032312504,0.59042,100.01,False
1630032312510,0.59042,970.08,False
1630032323442,0.59042,50.0,True
1630032323442,0.59042,810.0,True
1630032400858,0.59025,51.0,True
1630032400858,0.58935,370.0,True
1630032400858,0.58922,8.73,True
1630032400858,0.5892,2570.27,True
1630032533119,0.59182,104.87,False
1630032546407,0.59035,17.93,True
1630032546416,0.59035,18.03,True
1630032546416,0.59035,17.93,True
1630032558535,0.59036,50.0,True
1630032617976,0.59013,50.0,True
1630032618014,0.59013,50.0,True
1630032618644,0.59051,500.0,False
1630032627584,0.59122,105.55,False
1630032776349,0.59086,499.68,True
1630032776349,0.59086,50.0,True
1630032776349,0.59086,370.0,True
1630032776467,0.59086,50.0,True
1630032817630,0.59186,512.1,False
1630032845875,0.59079,129.52,True
1630032845924,0.59079,50.0,True
1630032853826,0.59081,50.0,True
1630032867215,0.59067,50.0,True
1630032868129,0.59025,50.0,True
1630032876227,0.58916,50.0,True
1630032876235,0.5891,258.1,True
1630032885411,0.589,135.86,True
1630032885490,0.58873,406.09,False
1630032885490,0.58867,370.0,False
1630032885786,0.58864,105.38,False
1630032886085,0.58864,194.88,False
1630032886575,0.58864,13.12,False
1630032886865,0.58864,13.93,False
1630032887990,0.58864,16.29,False
1630032903622,0.58705,13.12,True
1630032914492,0.58705,13.93,True
1630032921915,0.58864,76.94,False
1630033032711,0.58713,155.97,True
1630033179745,0.58737,50.0,True
1630033218581,0.58864,826.62,False
1630033218600,0.58864,670.83,False
1630033223879,0.588,500.0,True
1630033224751,0.588,50.0,True
1630033224751,0.588,212.48,True
1630033231553,0.58889,254.85,False
1630033235191,0.5888,285.31,False
1630033246700,0.58728,50.0,True
1630033249799,0.58723,77.61,True
1630033249810,0.58723,22.39,True
1630033249967,0.58723,50.0,True
1630033269839,0.58745,499.0,False
1630033298049,0.58795,18.46,False
1630033310019,0.58783,56.5,False
1630033335972,0.58732,60.0,False
1630033336387,0.58732,32.0,False
1630033337022,0.58732,19.25,False
1630033337395,0.58732,19.44,False
1630033342111,0.5875,38.0,False
1630033342475,0.58741,22.0,False
1630033343097,0.58729,48.0,False
1630033343650,0.58725,26.0,False
1630033345522,0.58713,31.21,False
1630033348420,0.587,136.26,True
1630033350023,0.58693,19.15,False
1630033350793,0.58689,20.45,False
1630033353156,0.58683,461.0,False
1630033379098,0.5862,500.0,False
1630033386499,0.586,136.63,True
1630033386499,0.586,136.59,True
1630033388040,0.58596,28.6,False
1630033389035,0.58593,10.36,False
1630033393036,0.58544,51.87,False
1630033396907,0.58531,370.0,True
1630033396907,0.58531,130.0,True
1630033397008,0.5853,370.0,True
1630033397008,0.5853,130.0,True
1630033397159,0.58503,136.0,False
1630033397159,0.58497,370.0,False
1630033407998,0.58486,810.0,False
1630033422696,0.58501,740.28,False
1630033425043,0.58472,50.0,True
1630033427042,0.58464,8.68,False
1630033450249,0.58364,87.03,True
1630033450249,0.58364,1323.2,True
1630033460038,0.58429,10.55,False
1630033464461,0.58418,82.34,False
1630033471046,0.5841,17.01,False
1630033473172,0.58418,477.23,False
1630033480695,0.58378,20.63,True
1630033480695,0.58378,13.11,True
1630033480695,0.58378,13.78,True
1630033480695,0.58378,19.28,True
1630033507586,0.58483,810.0,False
1630033508638,0.58383,147.79,True
1630033509568,0.58473,733.93,False
1630033509568,0.58473,370.0,False
1630033522002,0.58384,75.54,True
1630033565693,0.58432,270.0,False
1630033566004,0.58469,82.41,False
1630033615607,0.58471,425.92,False
1630033661647,0.58379,511.4,True
1630033661651,0.58342,658.42,False
1630033661655,0.58342,1324.72,False
1630033663167,0.58398,165.61,False
1630033746061,0.58322,810.0,True
1630033746061,0.58322,350.0,True
1630033763150,0.58361,206.0,False
1630033763150,0.58361,350.0,False
1630033763152,0.58361,13.66,False
1630033763158,0.58361,590.34,False
1630033808306,0.58369,50.0,True
1630033808306,0.58369,810.0,True
1630033808698,0.58468,44.9,False
1630033808698,0.58468,25.31,False
1630033808698,0.58468,63.74,False
1630033808698,0.58468,21.68,False
1630033808698,0.58468,68.88,False
1630033808698,0.58468,34.44,False
1630033808698,0.58468,13.11,False
1630033820920,0.58427,50.0,True
1630033838255,0.58382,50.0,True
1630033849882,0.58436,106.76,False
1630033930317,0.58423,50.0,True
1630033953824,0.58527,82.19,False
1630034012975,0.58444,50.0,True
1630034012975,0.58444,810.0,True
1630034028288,0.58422,50.0,True
1630034034202,0.58391,51.54,True
1630034074150,0.5841,726.53,True
1630034074627,0.58386,810.0,True
1630034088251,0.58344,51.25,True
1630034119508,0.5831,100.0,True
1630034119508,0.583,137.2,True
1630034119575,0.58274,20.0,False
1630034121181,0.58258,26.64,False
1630034125154,0.58235,10.36,False
1630034131686,0.58299,480.35,False
1630034148765,0.58338,810.0,False
1630034148765,0.5834,47.39,False
1630034158324,0.58318,707.27,False
1630034188633,0.58341,810.0,False
1630034202317,0.5823,50.0,True
1630034207528,0.58227,810.0,False
1630034207632,0.58225,810.0,False
1630034207742,0.58223,212.67,False
1630034209919,0.58223,107.15,False
1630034248770,0.58203,50.0,True
1630034252258,0.58235,810.0,False
1630034264403,0.58219,704.48,False
1630034264853,0.58219,105.52,False
1630034265232,0.58217,136.29,False
1630034269417,0.58217,39.49,False
1630034323785,0.5828,23.63,False
1630034337198,0.582,137.45,True
1630034337199,0.58195,64.98,False
1630034355586,0.58191,50.26,False
1630034359167,0.58183,350.0,False
1630034399170,0.58167,50.0,True
1630034399170,0.58167,69.14,True
1630034399170,0.58169,64.31,True
1630034399170,0.58169,26.73,True
1630034399170,0.58169,350.0,True
1630034499894,0.5813,84.13,True
1630034499904,0.5813,50.0,True
1630034499904,0.5813,626.35,True
1630034506036,0.58087,59.55,True
1630034506036,0.58087,839.05,True
1630034509223,0.5796,23.58,True
1630034515030,0.58109,39.85,False
1630034517635,0.57969,74.69,True
1630034534143,0.58116,428.89,False
1630034575507,0.58149,105.55,False
1630034579039,0.5804,105.14,True
1630034579039,0.5804,606.2,True
1630034580061,0.58135,23.48,False
1630034580061,0.58135,35.85,False
1630034580061,0.58135,64.32,False
1630034580061,0.58135,26.73,False
1630034581179,0.58137,69.14,False
1630034607474,0.58137,1355.48,False
1630034607482,0.58137,370.64,False
1630034631880,0.58095,25.06,True
1630034631880,0.58095,30.68,True
1630034631880,0.58095,40.69,True
1630034652832,0.58098,49.0,True
1630034658746,0.58098,1.0,True
1630034694781,0.58038,48.0,True
1630034694781,0.5805,50.0,True
1630034796894,0.5804,50.0,True
1630034796904,0.58038,81.88,True
1630034797055,0.58038,50.0,True
1630034814800,0.57987,50.0,True
1630034854690,0.57989,50.0,True
1630034864053,0.58086,162.0,False
1630034864090,0.58086,648.0,False
1630034918618,0.57959,50.0,True
1630034921035,0.57956,7039.84,True
1630034921043,0.57956,2751.97,True
1630034921056,0.57956,31.69,True
1630034921056,0.57956,127.17,True
1630034921252,0.57956,49.99,True
1630034921252,0.57956,60.34,True
1630034921252,0.57956,1189.53,True
1630034922122,0.58045,136.0,False
1630034922122,0.58045,370.0,False
1630034950767,0.58045,188.2,False
1630034984755,0.57956,0.01,True
1630034987458,0.5794,100.71,False
1630034987471,0.57937,117.0,False
1630034987643,0.57935,302.25,False
1630034988561,0.57924,19.88,False
1630034988609,0.57924,167.0,False
1630034988617,0.57924,623.12,False
1630035053456,0.57928,1307.14,False
1630035063633,0.57952,61.14,True
1630035063633,0.57952,370.0,True
1630035091007,0.57954,50.0,True
1630035168587,0.58044,1242.84,False
1630035181833,0.5802,370.0,False
1630035217396,0.58043,429.51,False
1630035322734,0.579,138.16,True
1630035322811,0.57881,123.0,False
1630035322828,0.57881,810.0,False
1630035322828,0.57881,308.45,False
1630035323106,0.5792,66.0,False
1630035323592,0.57903,37.0,False
1630035324609,0.57901,21.0,False
1630035325036,0.57793,211.68,True
1630035325162,0.57895,22.57,False
1630035327022,0.57895,6.0,False
1630035328172,0.57886,186.0,False
1630035328172,0.57886,370.0,False
1630035328509,0.57881,18.09,False
1630035330415,0.57884,10.36,False
1630035337028,0.57881,307.3,False
1630035342524,0.57881,370.0,False
1630035363873,0.57892,370.0,False
1630035364064,0.57857,65.14,True
1630035372480,0.57851,451.5,True
1630035372480,0.57851,370.0,True
1630035372502,0.57844,1314.99,False
1630035372502,0.57844,2118.75,False
1630035372502,0.57842,40.69,False
1630035372502,0.57842,25.06,False
1630035372502,0.57842,9.96,False
1630035372517,0.57844,500.0,False
1630035372517,0.57844,2000.0,False
1630035372517,0.57844,2500.0,False
1630035372521,0.57844,341.98,False
1630035372521,0.57842,61.15,False
1630035372521,0.57842,66.19,False
1630035372521,0.57842,30.68,False
1630035372525,0.57844,500.0,False
1630035372525,0.57844,3240.0,False
1630035372528,0.57844,2440.98,False
1630035372534,0.57844,2000.0,False
1630035372535,0.57844,500.0,False
1630035372543,0.57844,151.52,False
1630035372543,0.57844,1500.0,False
1630035372553,0.57844,500.0,False
1630035382112,0.579,172.71,True
1630035387376,0.57727,107.84,True
1630035387376,0.57727,370.0,True
1630035387386,0.5772,82.88,True
1630035388426,0.57812,26.03,False
1630035397427,0.57806,24.66,False
1630035419449,0.57802,24.66,False
1630035425223,0.5781,172.98,True
1630035447453,0.57786,9.82,False
1630035477105,0.57784,47.33,False
1630035477281,0.57783,47.33,False
1630035503361,0.57765,47.33,False
1630035503361,0.57768,148.85,False
1630035504850,0.57764,47.33,False
1630035512720,0.57815,232.39,False
1630035549588,0.57815,431.05,False
1630035553246,0.57815,1717.56,False
1630035554174,0.57815,511.27,False
1630035554650,0.57815,152.8,False
1630035554819,0.57815,45.78,False
1630035588291,0.57815,697.32,False
1630035588307,0.57815,219.59,False
1630035588307,0.57815,754.13,False
1630035590740,0.58025,810.0,False
1630035590872,0.58072,153.92,False
1630035590872,0.58066,370.0,False
1630035600588,0.58125,370.0,False
1630035600588,0.5813,636.91,False
1630035606558,0.58,500.0,True
1630035606579,0.58,359.75,True
1630035607643,0.58094,562.61,False
1630035608064,0.58,50.0,True
1630035608876,0.5795,103.56,True
1630035608876,0.57951,370.0,True
1630035608876,0.57954,810.0,True
1630035610509,0.57942,500.0,True
1630035610679,0.57942,634.1,True
1630035612634,0.57942,500.0,True
1630035614169,0.57928,810.0,True
